4773 5892
2545 402 2722 460 VIII

1310 597 1412 700 Ut
1458 619 1670 690 opera
1710 605 1779 665 et
1828 595 2057 679 labor,
2127 615 2329 683 quem
2372 592 2510 665 hae
2556 593 2863 663 methodi
2908 595 3283 684 requirant,
3355 602 3537 663 recte
3574 596 3858 664 iudicari
3899 602 4138 690 possit,

1114 751 1288 822 nihil
1340 758 1442 820 est
1484 748 1670 839 quod
1717 748 1949 818 malim
1967 796 1988 833 ,
2035 769 2238 835 quam
2282 753 2361 813 ut
2404 744 2481 814 hi
2526 755 2913 838 geometrae
2941 748 3276 840 integram
3303 747 3880 838 perturbationum
3910 750 4145 823 Lunae

1116 903 1691 997 computationem
1729 899 2095 969 secundum
2133 898 2495 967 methodos
2527 901 2917 992 propositas
2950 900 3195 967 confici
3230 908 3480 968 curent.
3579 901 3879 993 Egomet
3907 925 4148 974 secun-

1116 1061 1280 1128 dum
1308 1056 1708 1127 methodum
1731 1054 1805 1120 in
1839 1052 1972 1120 hac
1998 1052 2564 1121 commentatione
2597 1052 3003 1144 explicatam
3028 1051 3225 1120 huius
3255 1052 3774 1145 computationis
3826 1057 4150 1127 maiorem

1114 1219 1381 1306 partem
1428 1210 1563 1277 iam
1612 1206 1911 1292 confeci,
1997 1213 2066 1272 et
2096 1205 2465 1295 reliquam,
2533 1205 2734 1273 simul
2794 1212 2996 1294 atque
3057 1200 3533 1298 occupationes
3582 1206 3912 1295 quaedam
3969 1210 4144 1279 aliae

1118 1363 1468 1433 absolutae
1503 1360 1754 1429 fuerint
1771 1407 1791 1444 ‚
1844 1357 2177 1425 conficere
2219 1359 2289 1425 in
2318 1359 2543 1426 animo
2580 1365 2704 1426 est.

1310 1512 1651 1583 Formulis
1697 1510 1903 1579 modo
1946 1510 2327 1578 memoratis
2376 1508 2699 1578 adhibitis
2717 1560 2737 1597 ,
2786 1510 3322 1602 computationes
3354 1509 3694 1580 breviores
3724 1533 3929 1600 quam
3960 1534 4148 1583 com-

1111 1666 1494 1761 putationes
1536 1665 1634 1732 ill.
1669 1663 2073 1731 Damoiseau
2116 1672 2184 1731 et
2222 1663 2440 1730 Plana
2482 1662 2766 1731 evadere
2798 1662 3047 1731 debere
3070 1662 3416 1750 videntur,
3443 1664 3783 1753 ‚quoniam
3819 1666 4147 1735 reversio-

1113 1844 1230 1889 nes
1284 1819 1633 1903 serierum,
1699 1839 1863 1907 quas
1902 1813 2263 1884 methodus
2312 1815 2400 1881 ab
2427 1814 2533 1883 his
2566 1814 2873 1884 adhibita
2897 1817 3154 1908 poscit,
3206 1838 3381 1909 opus
3411 1837 3549 1884 nou
3574 1825 3762 1899 sunt3
3813 1818 4149 1887 evolutio-

1115 1997 1234 2043 nes
1277 1994 1438 2040 vero
1489 1969 1865 2061 analyticae
1910 1967 2110 2035 aliam
2161 1967 2251 2035 ob
2298 1990 2566 2036 causam
2610 1967 2867 2058 aliquid
2916 1969 3154 2037 incerti
3198 1967 3569 2038 involvunt.
3668 1968 3805 2053 Qui
3849 1969 4149 2040 calculus

1112 2124 1417 2218 postulat
1430 2174 1450 2210 ,
1501 2131 1579 2191 ut
1618 2121 2025 2212 quantitates
2069 2118 2401 2211 quaedam
2450 2141 2581 2212 pro
2627 2121 2925 2211 parvulis
2965 2121 3443 2212 quantitatibus
3471 2120 3676 2213 primi
3720 2121 3975 2190 ordinis
4013 2121 4147 2189 ha·-

1110 2279 1392 2347 beantur
1407 2324 1427 2359 ‚
1475 2275 1843 2343 secundum
1870 2296 2034 2363 quas
2073 2273 2490 2344 evolutiones
2526 2273 2903 2364 analyticae
2927 2274 3335 2364 procedant,
3405 2273 3525 2342 sed
3554 2296 3763 2363 quum
3788 2273 3878 2342 de
3909 2273 4149 2342 coeffi·

1115 2428 1430 2497 cientium
1472 2426 1961 2495 numericorum
2013 2427 2247 2494 ordine
2291 2425 2633 2517 analytico
2674 2449 2893 2495 sermo
2940 2449 3081 2496 esse
3122 2434 3414 2517 nequeat
3429 2476 3449 2512 ,
3523 2425 3673 2493 fieri
3732 2433 3994 2516 potest,
4076 2433 4154 2494 ut

1111 2586 1399 2673 propter
1439 2576 1569 2646 hos
1614 2577 2070 2646 coefficientes
2100 2576 2352 2668 singuli
2393 2578 2976 2669 perturbationum
3001 2580 3270 2648 termini
3297 2581 3369 2647 in
3408 2580 3548 2647 fine
3576 2577 3821 2646 calculi
3848 2576 4152 2646 valorem
4271 2658 4274 2661 Α

1108 2731 1410 2802 habeant
1438 2732 1656 2799 multo
1688 2730 2065 2817 maiorem„
2094 2751 2298 2817 quam
2331 2751 2521 2815 eum,
2574 2729 2681 2796 cui
2707 2753 2837 2821 pro
2878 2731 3112 2798 ordine
3138 2754 3258 2798 suo
3288 2730 3630 2821 analytico
3666 2727 4155 2796 adnumerandi

1112 2884 1262 2954 sint.
1360 2884 1629 2953 Revera
1676 2882 1755 2953 fit
1771 2931 1791 2969 ,
1841 2888 1918 2949 ut
1957 2889 2243 2974 propter
2281 2880 2738 2951 coefficientes
2801 2883 3177 2951 numericos
3215 2882 3638 2975 divergentes
3685 2881 3757 2949 in
3792 2879 4152 2975 perturba·

1105 3035 1368 3104 tionum
1406 3035 1858 3127 complurium
1890 3034 2432 3125 expressionibus
2465 3034 2813 3125 analyticis
2845 3035 2981 3104 duo
3014 3035 3283 3104 termini
3312 3034 3773 3124 consequutivi
3789 3082 3809 3119 ‚
3861 3034 3978 3122 qui
4021 3053 4151 3126 pro

1108 3187 1341 3256 indole
1372 3211 1491 3256 sua
1519 3188 1865 3257 ordinibus
1898 3187 2252 3279 analyticis
2290 3185 2566 3256 diversis
2599 3186 3084 3256 adnumerandi
3118 3196 3271 3257 sunt
3286 3238 3306 3274 ‚
3361 3188 3650 3257 eundem
3678 3186 3822 3254 fere
3848 3184 4149 3252 valorem

1107 3341 1520 3410 numericam
1555 3339 1882 3428 habeant,
1932 3342 2034 3409 uti
2075 3341 2147 3410 in
2181 3362 2396 3433 opere
2424 3340 2523 3408 ill.
2569 3340 2786 3408 Plana
2813 3340 3059 3432 inspici
3088 3348 3335 3431 potest.
3434 3339 3519 3408 E.
3552 3362 3622 3432 g.
3659 3337 4150 3406 coefficientem

1107 3490 1633 3583 perturbationis
1679 3491 2122 3583 longitudinis
2185 3492 2423 3560 Lunae
2462 3514 2662 3560 verae
2675 3541 2696 3578 ,
2780 3493 2964 3560 cuius
3008 3500 3479 3586 argumentum
3529 3491 3788 3584 duplex
3835 3484 4148 3558 distantia

1110 3644 1416 3735 perigaei
1441 3643 1677 3711 Lunae
1704 3666 1746 3710 a
1782 3642 1966 3710 nodo
1994 3643 2132 3710 eius
2164 3649 2301 3728 est,
2352 3642 2611 3710 invenit
2637 3642 2738 3708 ill.
2766 3643 2985 3710 Plana
3017 3666 3101 3705 z.-

2120 3816 2159 3868 1
2342 3817 2463 3870 135
2710 3848 2739 3882 2

2006 3820 2811 3975 (T†Hm⁶f

1110 4100 1256 4168 Iam
1301 4125 1505 4190 quum
1554 4125 1657 4189 m,
1707 4126 1882 4194 quae
1922 4104 1994 4172 in
2034 4101 2168 4172 hac
2199 4104 2632 4196 expressione
2663 4102 2993 4173 rationem
3020 4110 3239 4172 motus
3269 4103 3478 4172 medii
3505 4101 3741 4170 Lunae
3770 4097 3858 4166 ad
3887 4100 4148 4164 motum

1110 4251 1407 4321 medium
1453 4251 1631 4321 Solis
1677 4265 2170 4345 repraesentat,
2240 4257 2313 4325 in
2363 4256 2497 4325 hac
2544 4259 3050 4350 computatione
3093 4280 3223 4350 pro
3267 4255 3640 4346 quantitate
3668 4249 3871 4344 primi
3896 4244 4147 4314 ordinis

1112 4397 1475 4489 habeatur,
1545 4406 1732 4495 prior
1776 4406 2217 4497 expressionis
2259 4409 2728 4496 praecedentis
2782 4411 3104 4479 terminus
3124 4457 3144 4493 ‚
3196 4407 3383 4497 quod
3423 4405 3663 4475 attinet
3690 4402 3779 4469 ad
3807 4393 4147 4488 composi·-

1113 4556 1373 4625 tionem
1419 4579 1606 4625 suam
1648 4557 2092 4648 analyticam,
2136 4557 2390 4625 ordinis
2436 4558 2652 4644 finiti,
2716 4565 2782 4626 et
2804 4558 3141 4650 posterior
3183 4558 3433 4622 ordinis
3455 4554 3659 4643 primi
3698 4557 3814 4618 est.
3918 4545 4148 4631 Quum

1117 4729 1278 4777 vero
1304 4710 1496 4779 valor
1521 4711 1897 4781 numericus
1926 4712 2138 4803 ipsius
2170 4733 2242 4779 m
2267 4710 2355 4781 sit
2381 4711 2689 4803 proxime
2727 4733 2810 4773 z
2846 4705 2934 4803 ἦ,
3008 4707 3321 4777 habetur
