4773 5892
2538 344 2684 431 m
2739 306 2742 309 Α

1087 544 1465 628 nequeunt,
1521 536 1647 609 sed
1672 554 1897 628 *quum
1927 536 2003 615 iu
2031 544 2420 628 systemate
2455 543 2702 606 'nostro
2749 532 2992 627 SolariJ
3021 554 3317 629 eoi-pora
3359 537 3588 607 omnia
3624 538 3699 606 in
3738 548 3814 609 se
3853 542 4149 642 invieeni

1087 690 1444 784 parvulam
1472 689 1773 760 efficiant
1799 688 1937 765 vim
1966 698 2288 781 respectu
2316 690 2418 760 vis
2451 646 2758 782 eorporis
2783 689 3111 781 primarii,
3159 687 3794 781 haeeproblemata
3822 693 3916 762 ad
3943 696 4156 789 series

1093 849 1581 934 convergentes
1608 840 2047 934 :perdamne
2097 851 2388 934 quarum
2426 842 2711 912 effeetus
2753 842 2827 910 in
2855 861 2955 911 eo
2994 842 3337 928 consistit,
3387 802 3578 932 quod
3618 854 3882 953 motum
3927 845 4004 914 in
4044 869 4151 919 se-

1096 993 1322 1069 ottone
1346 994 1582 1067 conica
1604 994 1862 1084 alioqui
1887 994 2273 1065 absolutum
2299 993 2490 1065 haud
2515 994 2812 1064 multum
2848 993 3269 1085 perturbant.
3372 992 3559 1080 Quas
3603 997 4150 1088 perturbationes

1098 1144 1358 1237 duplici
1404 1144 1706 1219 exhiberi
1749 1169 1968 1239 posse
1986 1148 2240 1235 modo,
2305 1149 2529 1218 altero
2572 1168 2712 1238 quo
2752 1145 3024 1215 termini
3063 1168 3192 1239 per
3231 1153 3504 1237 tempus
3542 1147 3772 1239 ipsum
3811 1148 4154 1241 multipli-

1097 1298 1230 1373 cati
1280 1298 1644 1385 evitentur,
1697 1299 1915 1370 altero
1942 1324 2080 1394 quo
2111 1298 2319 1370 iidem
2364 1301 2840 1393 admittantur,
2888 1299 3025 1368 iam
3061 1298 3134 1366 in
3178 1299 3742 1390 praecedentibus
3785 1302 4157 1394 explicavi-

1095 1471 1265 1527 mus.
1364 1450 1732 1522 Problema
1774 1453 2015 1523 Lunae
2048 1453 2556 1525 deternrinandi
2596 1462 2861 1540 motus,
2913 1452 2972 1521 si
3006 1450 3548 1544 perturbationes
3591 1474 3634 1520 a
3659 1452 3964 1544 planetis
3983 1475 4156 1546 pro-

1094 1599 1339 1677 ..tinetas
1369 1625 1507 1672 non
1527 1607 1941 1697 respexeris,
1991 1608 2277 1701 proprie
2304 1607 2585 1698 quidem
2608 1606 2966 1697 problema
2995 1604 3199 1673 trium
3228 1566 3593 1697 eor-porum
3623 1614 3745 1692 est,
3793 1605 3919 1674 sed
3949 1612 4159 1695 quum

1102 1751 1168 1827 ei
1208 1753 1515 1827 ,conditio
1559 1757 1752 1844 insit,
1798 1768 1878 1828 ut
1905 1761 2166 1830 Terrae
2199 1784 2241 1828 a
2265 1761 2464 1829 Luna
2489 1759 2920 1851 perturbatus
2958 1765 3183 1827 motus
3214 1778 3255 1823 a
3283 1756 3500 1848 priori
3525 1765 3594 1825 et
3619 1757 3891 1848 abipso
3922 1756 4161 1824 launae

1106 1906 1506 1993 perturbato
1552 1920 1745 1978 motu
1788 1912 2328 2005 independenter
2364 1912 2512 1980 fere
2553 1908 2855 1979 exhiberi
2896 1908 3150 2002 possit,
3200 1909 3432 1998 itaque
3460 1909 3537 1976 in
3563 1907 3702 1976 hoc
3731 1908 4162 1999 problemate

1104 2060 1611 2148 propemodum
1653 2062 1838 2132 solus
1880 2064 2127 2133 Lunae
2169 2068 2395 2133 'motus
2435 2062 2941 2156 investigandus
2991 2062 3112 2130 sit:
3176 2059 3314 2159 hoe
3340 2082 3571 2129 casum
3595 2069 3863 2129 tantum
3889 2061 4159 2152 specia-

1106 2207 1245 2277 lem
1300 2212 1746 2301 problematis
1800 2215 2139 2308 generalis
2185 2216 2391 2284 trium
2435 2237 2798 2307 corporum
2812 2264 2832 2301 ,
2897 2215 2972 2282 in
3013 2235 3153 2304 quo
3193 2213 3541 2303 utrimque
3581 2212 3892 2305 corporis
3936 2221 4161 2279 motus

1082 2320 1435 2431 ’relativus
1464 2373 1782 2457 respectu
1819 2367 2003 2435 tertii
2038 2369 2349 2459 corporis
2392 2365 2898 2460 investigandus
2945 2374 3082 2450 est,
3130 2365 3365 2456 ponit,
3416 2364 3581 2433 lieet
3624 2362 4166 2456 perturbationes

1104 2508 1234 2585 illo
1281 2534 1489 2604 supra
1532 2516 1874 2608 explicato
1913 2518 2121 2599 modo
2169 2518 2616 2588 exhibeantur
2629 2570 2651 2606 ,
2715 2527 2793 2591 ut
2836 2518 3106 2588 termini
3149 2517 3409 2587 scilicet
3456 2538 3586 2608 per
3631 2526 3903 2609 tempus
3939 2515 4168 2606 ipsum

1107 2662 1541 2755 multiplicati
1569 2688 1707 2737 non
1737 2669 1983 2738 adsint.

1308 2814 1769 2899 Quamobrem
1812 2844 1895 2889 ex
1935 2802 2174 2890 Lunae
2212 2822 2285 2889 in
2308 2820 2450 2889 hoe
2477 2821 2822 2889 volumine
2849 2818 3161 2910 exposita
3199 2815 3468 2884 theoria
3496 2790 3750 2884 solutio
3772 2817 4167 2907 problema-—

1002 2977 1009 2985 “
1103 2965 1195 3034 ,tis
1222 2971 1570 3063 ⁸generalis
1610 2918 1814 3042 trium
1859 2995 2223 3065 corporum
2264 2976 2420 3067 peti.
2458 2980 2600 3043 non
2645 2981 2910 3065 potest,
2975 2993 3137 3056 nec,
3206 2968 3478 3039 etiamsi
3513 2969 3718 3060 plura
3757 2990 3896 3037 non
3951 2970 4168 3037 obsti-

1107 3119 1344 3207 terint,
1411 3125 1858 3215 problematis
1900 3126 2204 3217 plurium
2246 3149 2612 3219 corporum
2654 3126 2904 3195 solutio
2950 3126 3022 3193 in
3073 3146 3155 3192 ea
3209 3122 3609 3192 continetur.
3732 3121 3961 3206 Quum
4007 3143 4170 3190 vero

1105 3271 1302 3342 huius
1342 3265 1788 3366 'problematis
1836 3277 2155 3349 solutioni
2193 3280 2289 3348 ita
2331 3288 2622 3367 sumtae,
2667 3289 2752 3348 ut
2794 3278 3062 3348 termini
3088 3229 3217 3371 per
3251 3281 3533 3367 'tempus
3572 3273 3801 3364 ipsum
3831 3272 4169 3365 multipli-

1105 3424 1241 3489 cati
1283 3426 1615 3496 evitentur
1628 3476 1649 3514 ,
1728 3430 1801 3497 in
1849 3440 2219 3522 systemate
2279 3387 2515 3501 nostro
2555 3432 2786 3502 Solari
2835 3432 3213 3525 applicatio
3246 3415 3718 3524 ¹pulcherrima
3762 3432 3999 3516 pateat
4015 3471 4035 3507 ‚
4101 3433 4171 3490 et

1104 3574 1552 3665 problematis
1598 3581 1891 3669 quatuor
1928 3603 2299 3671 corporum
2347 3582 2599 3650 solutio
2642 3584 2735 3651 ad
2780 3586 3226 3676 problematis
3256 3582 3559 3674 plurium
3586 3587 3951 3671 corporum
3979 3574 4167 3645 solu-

1106 3729 1361 3796 tionem
1386 3731 1719 3820 perfacile
1743 3732 2182 3801 extendatur:
2240 3755 2415 3819 eam,
2439 3756 2648 3823 quam
2674 3744 3071 3825 assequutus
3097 3757 3270 3820 sum,
3298 3719 3440 3802 hoc
3474 3731 3631 3798 looo
3662 3728 3933 3799 silentio
3961 3747 4168 3819 Ρῐὲῑθ·

1106 3880 1479 3950 t'armittere
1541 3881 1750 3950 nolui.
1861 3882 2176 3954 Breviter
2230 3886 2442 3980 igitur
2479 3887 2486 3894 ’
2508 3887 2889 3980 expositam
2929 3888 3340 3956 solutionem
3383 3881 3828 3977 problematis
3879 3884 4168 3968 quatuor

953 4067 969 4074 ·
1104 4035 1471 4121 ⁰⁰¹P⁰mm
1512 4035 1856 4123 &menis
1925 4059 2130 4128 quam
2186 4059 2274 4108 'eo
2335 4062 2551 4131 usque
2596 4042 2915 4133 exposui,
2977 4051 3056 4110 ut
3099 4040 3482 4126 funetiones
3527 4030 4051 4129 pei-turbatrices
4099 4028 4168 4094 in

1100 4180 1317 4251 series
1348 4183 1766 4258 evolvendae
1803 4195 1872 4258 et
1894 4189 1968 4259 in
1992 4186 2304 4264 formulis
2334 4193 2514 4264 datis
2548 4194 3058 4265 substituendae
3082 4201 3357 4265 restent.
