<?xml version="1.0" encoding="UTF-8"?>
<!DOCTYPE html PUBLIC "-//W3C//DTD XHTML 1.0 Transitional//EN"
    "http://www.w3.org/TR/xhtml1/DTD/xhtml1-transitional.dtd">
<html xmlns="http://www.w3.org/1999/xhtml" xml:lang="en" lang="en">
 <head>
  <title>
</title>
<meta http-equiv="Content-Type" content="text/html;charset=utf-8" />
  <meta name='ocr-system' content='tesseract 3.04.00' />
  <meta name='ocr-capabilities' content='ocr_page ocr_carea ocr_par ocr_line ocrx_word'/>
</head>
<body>
  <div class='ocr_page' id='page_1' title='image "./fvndamentanovai01hansgoog_0020.png"; bbox 0 0 4773 5892; ppageno 0'>
   <div class='ocr_carea' id='block_1_1' title="bbox 2553 388 2716 449">
    <p class='ocr_par' dir='ltr' id='par_1_1' title="bbox 2553 388 2716 449">
     <span class='ocr_line' id='line_1_1' title="bbox 2553 388 2716 449; baseline -0.012 0"><span class='ocrx_word' id='word_1_1' title='bbox 2553 388 2716 449; x_wconf 73' lang='lat' dir='ltr'><strong>xlv</strong></span> 
     </span>
    </p>
   </div>
   <div class='ocr_carea' id='block_1_2' title="bbox 1187 650 3985 941">
    <p class='ocr_par' dir='ltr' id='par_1_2' title="bbox 1187 650 3985 941">
     <span class='ocr_line' id='line_1_2' title="bbox 1187 650 3983 737; baseline -0.002 -18"><span class='ocrx_word' id='word_1_2' title='bbox 1187 658 1317 725; x_wconf 78' lang='lat' dir='ltr'><strong>Art.</strong></span> <span class='ocrx_word' id='word_1_3' title='bbox 1347 664 1408 718; x_wconf 81' lang='grc'><strong>’7.</strong></span> <span class='ocrx_word' id='word_1_4' title='bbox 1489 653 1749 717; x_wconf 80' lang='lat' dir='ltr'>Termini</span> <span class='ocrx_word' id='word_1_5' title='bbox 1788 652 2018 732; x_wconf 88' lang='lat' dir='ltr'><strong>quidam</strong></span> <span class='ocrx_word' id='word_1_6' title='bbox 2058 674 2091 714; x_wconf 88' lang='lat' dir='ltr'><strong>e</strong></span> <span class='ocrx_word' id='word_1_7' title='bbox 2132 652 2286 716; x_wconf 89' lang='lat' dir='ltr'><strong>Solis</strong></span> <span class='ocrx_word' id='word_1_8' title='bbox 2327 650 2785 716; x_wconf 89' lang='lat' dir='ltr'><strong>coordinatarum</strong></span> <span class='ocrx_word' id='word_1_9' title='bbox 2825 653 3111 717; x_wconf 85' lang='lat' dir='ltr'><strong>valoribus</strong></span> <span class='ocrx_word' id='word_1_10' title='bbox 3152 652 3432 737; x_wconf 74' lang='lat' dir='ltr'>originem</span> <span class='ocrx_word' id='word_1_11' title='bbox 3471 652 3763 715; x_wconf 88' lang='lat' dir='ltr'><strong>trahentes</strong></span> <span class='ocrx_word' id='word_1_12' title='bbox 3803 652 3983 732; x_wconf 89' lang='lat' dir='ltr'><strong>expli-</strong></span> 
     </span>
     <span class='ocr_line' id='line_1_3' title="bbox 1307 749 3985 835; baseline -0.001 -20"><span class='ocrx_word' id='word_1_13' title='bbox 1307 765 1542 829; x_wconf 87' lang='lat' dir='ltr'><strong>cantur,</strong></span> <span class='ocrx_word' id='word_1_14' title='bbox 1603 750 1701 829; x_wconf 88' lang='lat' dir='ltr'><strong>qui</strong></span> <span class='ocrx_word' id='word_1_15' title='bbox 1755 750 1815 811; x_wconf 91' lang='lat' dir='ltr'><strong>in</strong></span> <span class='ocrx_word' id='word_1_16' title='bbox 1867 762 2035 835; x_wconf 59' lang='lat' dir='ltr'><strong>potu</strong></span> <span class='ocrx_word' id='word_1_17' title='bbox 2074 752 2273 813; x_wconf 92' lang='lat' dir='ltr'><strong>Lunae</strong></span> <span class='ocrx_word' id='word_1_18' title='bbox 2314 749 2593 812; x_wconf 88' lang='lat' dir='ltr'><strong>terminos</strong></span> <span class='ocrx_word' id='word_1_19' title='bbox 2635 751 2932 829; x_wconf 87' lang='lat' dir='ltr'><strong>proferunt</strong></span> <span class='ocrx_word' id='word_1_20' title='bbox 2970 750 3219 829; x_wconf 82' lang='lat' dir='ltr'><strong>tempori</strong></span> <span class='ocrx_word' id='word_1_21' title='bbox 3257 750 3369 829; x_wconf 91' lang='lat' dir='ltr'><strong>ipsi</strong></span> <span class='ocrx_word' id='word_1_22' title='bbox 3408 762 3467 811; x_wconf 90' lang='lat' dir='ltr'><strong>et</strong></span> <span class='ocrx_word' id='word_1_23' title='bbox 3504 751 3779 830; x_wconf 88' lang='lat' dir='ltr'><strong>temporis</strong></span> <span class='ocrx_word' id='word_1_24' title='bbox 3817 760 3985 830; x_wconf 88' lang='lat' dir='ltr'><strong>pote-</strong></span> 
     </span>
     <span class='ocr_line' id='line_1_4' title="bbox 1310 846 3688 941; baseline -0.001 -29"><span class='ocrx_word' id='word_1_25' title='bbox 1310 850 1551 912; x_wconf 76' lang='lat' dir='ltr'>statibus</span> <span class='ocrx_word' id='word_1_26' title='bbox 1591 846 2072 929; x_wconf 76' lang='lat' dir='ltr'><strong>proportionales,</strong></span> <span class='ocrx_word' id='word_1_27' title='bbox 2157 847 2277 941; x_wconf 82' lang='lat' dir='ltr'><strong>Qui</strong></span> <span class='ocrx_word' id='word_1_28' title='bbox 2315 846 2548 909; x_wconf 77' lang='lat' dir='ltr'>termini</span> <span class='ocrx_word' id='word_1_29' title='bbox 2588 847 2647 907; x_wconf 91' lang='lat' dir='ltr'><strong>in</strong></span> <span class='ocrx_word' id='word_1_30' title='bbox 2686 849 2883 910; x_wconf 88' lang='lat' dir='ltr'><strong>Lunae</strong></span> <span class='ocrx_word' id='word_1_31' title='bbox 2925 847 3144 909; x_wconf 88' lang='lat' dir='ltr'><strong>theoria</strong></span> <span class='ocrx_word' id='word_1_32' title='bbox 3184 846 3411 908; x_wconf 80' lang='lat' dir='ltr'><strong>admitti</strong></span> <span class='ocrx_word' id='word_1_33' title='bbox 3447 858 3688 926; x_wconf 87' lang='lat' dir='ltr'><strong>possunt</strong></span> 
     </span>
    </p>
   </div>
   <div class='ocr_carea' id='block_1_3' title="bbox 1190 957 3987 1147">
    <p class='ocr_par' dir='ltr' id='par_1_3' title="bbox 1190 957 3987 1147">
     <span class='ocr_line' id='line_1_5' title="bbox 1190 957 3987 1054; baseline -0.003 -19"><span class='ocrx_word' id='word_1_34' title='bbox 1190 974 1322 1035; x_wconf 81' lang='lat' dir='ltr'><strong>Art.</strong></span> <span class='ocrx_word' id='word_1_35' title='bbox 1352 982 1412 1035; x_wconf 88' lang='lat'><strong>8.</strong></span> <span class='ocrx_word' id='word_1_36' title='bbox 1493 969 2001 1032; x_wconf 89' lang='lat' dir='ltr'><strong>Considerationes</strong></span> <span class='ocrx_word' id='word_1_37' title='bbox 2040 970 2349 1032; x_wconf 82' lang='lat' dir='ltr'><strong>nonnullae</strong></span> <span class='ocrx_word' id='word_1_38' title='bbox 2390 957 2686 1054; x_wconf 90' lang='lat' dir='ltr'><strong>generales</strong></span> <span class='ocrx_word' id='word_1_39' title='bbox 2727 971 2798 1031; x_wconf 93' lang='lat' dir='ltr'><strong>de</strong></span> <span class='ocrx_word' id='word_1_40' title='bbox 2828 969 3231 1047; x_wconf 88' lang='lat' dir='ltr'><strong>aequationum</strong></span> <span class='ocrx_word' id='word_1_41' title='bbox 3258 979 3580 1030; x_wconf 89' lang='lat' dir='ltr'><strong>nostrarum</strong></span> <span class='ocrx_word' id='word_1_42' title='bbox 3607 967 3987 1051; x_wconf 78' lang='lat' dir='ltr'><strong>integratione</strong></span> 
     </span>
     <span class='ocr_line' id='line_1_6' title="bbox 1310 1068 1865 1147; baseline -0.004 -17"><span class='ocrx_word' id='word_1_43' title='bbox 1310 1068 1754 1147; x_wconf 86' lang='lat' dir='ltr'><strong>praemittuntur</strong></span> <span class='ocrx_word' id='word_1_44' title='bbox 1847 1109 1865 1128; x_wconf 85' lang='lat'><strong>.</strong></span> 
     </span>
    </p>
   </div>
   <div class='ocr_carea' id='block_1_4' title="bbox 1191 1184 3986 1364">
    <p class='ocr_par' dir='ltr' id='par_1_4' title="bbox 1191 1184 3986 1364">
     <span class='ocr_line' id='line_1_7' title="bbox 1191 1184 3986 1272; baseline -0.002 -19"><span class='ocrx_word' id='word_1_45' title='bbox 1191 1194 1345 1255; x_wconf 83' lang='lat' dir='ltr'><strong>Artt.</strong></span> <span class='ocrx_word' id='word_1_46' title='bbox 1389 1197 1637 1252; x_wconf 79' lang='lat'><strong>9-11,</strong></span> <span class='ocrx_word' id='word_1_47' title='bbox 1720 1186 2053 1250; x_wconf 87' lang='lat' dir='ltr'><strong>Relationes</strong></span> <span class='ocrx_word' id='word_1_48' title='bbox 2094 1186 2405 1250; x_wconf 83' lang='lat' dir='ltr'><strong>nonnullae</strong></span> <span class='ocrx_word' id='word_1_49' title='bbox 2445 1186 2775 1272; x_wconf 84' lang='lat' dir='ltr'><strong>generales,</strong></span> <span class='ocrx_word' id='word_1_50' title='bbox 2827 1207 2973 1265; x_wconf 81' lang='lat' dir='ltr'><strong>quae</strong></span> <span class='ocrx_word' id='word_1_51' title='bbox 3025 1184 3212 1249; x_wconf 90' lang='lat' dir='ltr'><strong>locum</strong></span> <span class='ocrx_word' id='word_1_52' title='bbox 3254 1185 3507 1261; x_wconf 88' lang='lat' dir='ltr'><strong>babent,</strong></span> <span class='ocrx_word' id='word_1_53' title='bbox 3558 1184 3986 1265; x_wconf 85' lang='lat' dir='ltr'><strong>quomodocun-</strong></span> 
     </span>
     <span class='ocr_line' id='line_1_8' title="bbox 1312 1284 3702 1364; baseline -0.003 -15"><span class='ocrx_word' id='word_1_54' title='bbox 1312 1309 1421 1364; x_wconf 90' lang='lat' dir='ltr'><strong>que</strong></span> <span class='ocrx_word' id='word_1_55' title='bbox 1462 1285 1783 1347; x_wconf 90' lang='lat' dir='ltr'><strong>sunctiones</strong></span> <span class='ocrx_word' id='word_1_56' title='bbox 1825 1284 2155 1346; x_wconf 71' lang='lat' dir='ltr'><strong>arbitrariae</strong></span> <span class='ocrx_word' id='word_1_57' title='bbox 2196 1287 2292 1364; x_wconf 80' lang='grc' dir='ltr'><strong>Λζ</strong></span> <span class='ocrx_word' id='word_1_58' title='bbox 2331 1297 2503 1363; x_wconf 88' lang='lat' dir='ltr'><strong>atque</strong></span> <span class='ocrx_word' id='word_1_59' title='bbox 2546 1287 2639 1364; x_wconf 77' lang='grc' dir='ltr'><strong>,Ξζ</strong></span> <span class='ocrx_word' id='word_1_60' title='bbox 2678 1284 3164 1358; x_wconf 86' lang='lat' dir='ltr'><strong>determinantur,</strong></span> <span class='ocrx_word' id='word_1_61' title='bbox 3208 1284 3550 1345; x_wconf 85' lang='lat' dir='ltr'><strong>evolvuntur</strong></span> <span class='ocrx_word' id='word_1_62' title='bbox 3605 1302 3618 1311; x_wconf 56' lang='grc'><strong>“</strong></span> <span class='ocrx_word' id='word_1_63' title='bbox 3684 1329 3702 1349; x_wconf 89' lang='grc'><strong>.</strong></span> 
     </span>
    </p>
   </div>
   <div class='ocr_carea' id='block_1_5' title="bbox 1190 1401 3984 1487">
    <p class='ocr_par' dir='ltr' id='par_1_5' title="bbox 1190 1401 3984 1487">
     <span class='ocr_line' id='line_1_9' title="bbox 1190 1401 3984 1487; baseline -0.001 -18"><span class='ocrx_word' id='word_1_64' title='bbox 1190 1410 1318 1471; x_wconf 81' lang='lat' dir='ltr'><strong>Art.</strong></span> <span class='ocrx_word' id='word_1_65' title='bbox 1350 1418 1449 1472; x_wconf 84' lang='lat'><strong>12.</strong></span> <span class='ocrx_word' id='word_1_66' title='bbox 1531 1406 1946 1469; x_wconf 68' lang='lat' dir='ltr'><strong>Functionibus</strong></span> <span class='ocrx_word' id='word_1_67' title='bbox 1987 1407 2170 1468; x_wconf 88' lang='lat' dir='ltr'><strong>adbuc</strong></span> <span class='ocrx_word' id='word_1_68' title='bbox 2210 1406 2521 1470; x_wconf 86' lang='lat' dir='ltr'><strong>arbitrariis</strong></span> <span class='ocrx_word' id='word_1_69' title='bbox 2561 1410 2658 1487; x_wconf 77' lang='grc' dir='ltr'><strong>Λζ</strong></span> <span class='ocrx_word' id='word_1_70' title='bbox 2695 1419 2864 1485; x_wconf 89' lang='lat' dir='ltr'><strong>atque</strong></span> <span class='ocrx_word' id='word_1_71' title='bbox 2906 1407 2998 1484; x_wconf 79' lang='grc' dir='ltr'><strong>,Ξζ</strong></span> <span class='ocrx_word' id='word_1_72' title='bbox 3034 1404 3258 1466; x_wconf 83' lang='lat' dir='ltr'><strong>valores</strong></span> <span class='ocrx_word' id='word_1_73' title='bbox 3298 1403 3698 1483; x_wconf 89' lang='lat' dir='ltr'><strong>simplicissimi</strong></span> <span class='ocrx_word' id='word_1_74' title='bbox 3739 1401 3984 1465; x_wconf 86' lang='lat' dir='ltr'><strong>attribu-</strong></span> 
     </span>
    </p>
   </div>
   <div class='ocr_carea' id='block_1_6' title="bbox 1309 1501 4005 1586">
    <p class='ocr_par' dir='ltr' id='par_1_6' title="bbox 1309 1501 4005 1586">
     <span class='ocr_line' id='line_1_10' title="bbox 1309 1501 4005 1586; baseline -0.001 -20"><span class='ocrx_word' id='word_1_75' title='bbox 1309 1516 1524 1578; x_wconf 90' lang='lat' dir='ltr'><strong>untur,</strong></span> <span class='ocrx_word' id='word_1_76' title='bbox 1581 1525 1695 1580; x_wconf 89' lang='lat' dir='ltr'><strong>quo</strong></span> <span class='ocrx_word' id='word_1_77' title='bbox 1737 1504 1944 1565; x_wconf 91' lang='lat' dir='ltr'><strong>sactum</strong></span> <span class='ocrx_word' id='word_1_78' title='bbox 1989 1515 2112 1579; x_wconf 87' lang='lat' dir='ltr'><strong>est,</strong></span> <span class='ocrx_word' id='word_1_79' title='bbox 2165 1515 2231 1565; x_wconf 90' lang='lat' dir='ltr'><strong>ut</strong></span> <span class='ocrx_word' id='word_1_80' title='bbox 2272 1504 2734 1584; x_wconf 87' lang='lat' dir='ltr'><strong>perturbationes</strong></span> <span class='ocrx_word' id='word_1_81' title='bbox 2774 1502 3143 1586; x_wconf 81' lang='lat' dir='ltr'><strong>longitudinis</strong></span> <span class='ocrx_word' id='word_1_82' title='bbox 3185 1501 3529 1585; x_wconf 89' lang='lat' dir='ltr'><strong>longitudini</strong></span> <span class='ocrx_word' id='word_1_83' title='bbox 3565 1521 3737 1563; x_wconf 80' lang='lat' dir='ltr'><strong>verae</strong></span> <span class='ocrx_word' id='word_1_84' title='bbox 3773 1502 4005 1575; x_wconf 30' lang='lat' dir='ltr'><strong>adden-1</strong></span> 
     </span>
    </p>
   </div>
   <div class='ocr_carea' id='block_1_7' title="bbox 1311 1594 3085 1681">
    <p class='ocr_par' dir='ltr' id='par_1_7' title="bbox 1311 1594 3085 1681">
     <span class='ocr_line' id='line_1_11' title="bbox 1311 1594 3085 1681; baseline 0 -19"><span class='ocrx_word' id='word_1_85' title='bbox 1311 1602 1415 1662; x_wconf 88' lang='lat' dir='ltr'><strong>dae</strong></span> <span class='ocrx_word' id='word_1_86' title='bbox 1457 1600 1594 1664; x_wconf 88' lang='lat' dir='ltr'><strong>sint.</strong></span> <span class='ocrx_word' id='word_1_87' title='bbox 1679 1601 1847 1677; x_wconf 84' lang='lat' dir='ltr'><strong>Quae</strong></span> <span class='ocrx_word' id='word_1_88' title='bbox 1886 1600 2263 1663; x_wconf 88' lang='lat' dir='ltr'><strong>assumtiones</strong></span> <span class='ocrx_word' id='word_1_89' title='bbox 2306 1594 2432 1663; x_wconf 33' lang='lat' dir='ltr'><strong>non*</strong></span> <span class='ocrx_word' id='word_1_90' title='bbox 2461 1601 2705 1681; x_wconf 88' lang='lat' dir='ltr'><strong>amplius</strong></span> <span class='ocrx_word' id='word_1_91' title='bbox 2745 1601 3085 1663; x_wconf 84' lang='lat' dir='ltr'><strong>evolvuntur</strong></span> 
     </span>
    </p>
   </div>
   <div class='ocr_carea' id='block_1_8' title="bbox 1195 1718 3992 2096">
    <p class='ocr_par' dir='ltr' id='par_1_8' title="bbox 1195 1718 3992 2096">
     <span class='ocr_line' id='line_1_12' title="bbox 1195 1718 3992 1803; baseline -0.002 -19"><span class='ocrx_word' id='word_1_92' title='bbox 1195 1723 1350 1788; x_wconf 79' lang='lat' dir='ltr'><strong>Artt.</strong></span> <span class='ocrx_word' id='word_1_93' title='bbox 1392 1731 1682 1784; x_wconf 78' lang='lat'><strong>13—15.</strong></span> <span class='ocrx_word' id='word_1_94' title='bbox 1765 1722 2113 1784; x_wconf 90' lang='lat' dir='ltr'><strong>Functiones</strong></span> <span class='ocrx_word' id='word_1_95' title='bbox 2155 1722 2386 1784; x_wconf 84' lang='lat' dir='ltr'><strong>eaedem</strong></span> <span class='ocrx_word' id='word_1_96' title='bbox 2430 1722 2507 1784; x_wconf 90' lang='lat' dir='ltr'><strong>ita</strong></span> <span class='ocrx_word' id='word_1_97' title='bbox 2549 1721 3031 1797; x_wconf 84' lang='lat' dir='ltr'><strong>determinantur,</strong></span> <span class='ocrx_word' id='word_1_98' title='bbox 3083 1732 3150 1784; x_wconf 86' lang='lat' dir='ltr'><strong>ut</strong></span> <span class='ocrx_word' id='word_1_99' title='bbox 3187 1719 3643 1801; x_wconf 86' lang='lat' dir='ltr'><strong>perturbationes</strong></span> <span class='ocrx_word' id='word_1_100' title='bbox 3682 1718 3992 1803; x_wconf 88' lang='lat' dir='ltr'><strong>longitudi-</strong></span> 
     </span>
     <span class='ocr_line' id='line_1_13' title="bbox 1310 1816 3988 1903; baseline -0.001 -23"><span class='ocrx_word' id='word_1_101' title='bbox 1310 1818 1401 1880; x_wconf 88' lang='lat' dir='ltr'><strong>nis</strong></span> <span class='ocrx_word' id='word_1_102' title='bbox 1442 1819 1513 1879; x_wconf 89' lang='lat' dir='ltr'><strong>ad</strong></span> <span class='ocrx_word' id='word_1_103' title='bbox 1556 1818 1972 1903; x_wconf 89' lang='lat' dir='ltr'><strong>longitudinem</strong></span> <span class='ocrx_word' id='word_1_104' title='bbox 2013 1819 2258 1881; x_wconf 89' lang='lat' dir='ltr'><strong>mediam</strong></span> <span class='ocrx_word' id='word_1_105' title='bbox 2299 1820 2596 1882; x_wconf 87' lang='lat' dir='ltr'><strong>addendae</strong></span> <span class='ocrx_word' id='word_1_106' title='bbox 2638 1820 2775 1881; x_wconf 87' lang='lat' dir='ltr'><strong>sint.</strong></span> <span class='ocrx_word' id='word_1_107' title='bbox 2856 1817 3158 1896; x_wconf 87' lang='lat' dir='ltr'><strong>Quaedam</strong></span> <span class='ocrx_word' id='word_1_108' title='bbox 3184 1818 3309 1881; x_wconf 69' lang='lat' dir='ltr'><strong>‘huc</strong></span> <span class='ocrx_word' id='word_1_109' title='bbox 3336 1817 3702 1897; x_wconf 86' lang='lat' dir='ltr'><strong>pertinentia,</strong></span> <span class='ocrx_word' id='word_1_110' title='bbox 3743 1816 3813 1879; x_wconf 88' lang='lat' dir='ltr'><strong>iis</strong></span> <span class='ocrx_word' id='word_1_111' title='bbox 3841 1836 3988 1895; x_wconf 87' lang='lat' dir='ltr'><strong>quae</strong></span> 
     </span>
     <span class='ocr_line' id='line_1_14' title="bbox 1314 1913 3988 2000; baseline -0 -25"><span class='ocrx_word' id='word_1_112' title='bbox 1314 1926 1482 1976; x_wconf 89' lang='lat' dir='ltr'><strong>antea</strong></span> <span class='ocrx_word' id='word_1_113' title='bbox 1525 1916 1596 1977; x_wconf 91' lang='lat' dir='ltr'><strong>de</strong></span> <span class='ocrx_word' id='word_1_114' title='bbox 1639 1916 1744 1978; x_wconf 89' lang='lat' dir='ltr'><strong>hoc</strong></span> <span class='ocrx_word' id='word_1_115' title='bbox 1784 1928 2123 1998; x_wconf 86' lang='lat' dir='ltr'><strong>argumento</strong></span> <span class='ocrx_word' id='word_1_116' title='bbox 2164 1917 2378 1995; x_wconf 87' lang='lat' dir='ltr'><strong>protuli</strong></span> <span class='ocrx_word' id='word_1_117' title='bbox 2407 1917 2780 2000; x_wconf 87' lang='lat' dir='ltr'><strong>generaliora,</strong></span> <span class='ocrx_word' id='word_1_118' title='bbox 2823 1915 3188 1994; x_wconf 87' lang='lat' dir='ltr'><strong>explicantur.</strong></span> <span class='ocrx_word' id='word_1_119' title='bbox 3245 1913 3598 1977; x_wconf 79' lang='lat' dir='ltr'><strong>Arbitrariae</strong></span> <span class='ocrx_word' id='word_1_120' title='bbox 3627 1913 3780 1975; x_wconf 90' lang='lat' dir='ltr'><strong>enim</strong></span> <span class='ocrx_word' id='word_1_121' title='bbox 3807 1934 3988 1991; x_wconf 88' lang='lat' dir='ltr'><strong>quan-</strong></span> 
     </span>
     <span class='ocr_line' id='line_1_15' title="bbox 1313 2012 3134 2096; baseline 0.001 -25"><span class='ocrx_word' id='word_1_122' title='bbox 1313 2012 1509 2073; x_wconf 87' lang='lat' dir='ltr'><strong>titates</strong></span> <span class='ocrx_word' id='word_1_123' title='bbox 1550 2024 1668 2074; x_wconf 89' lang='lat' dir='ltr'><strong>tres</strong></span> <span class='ocrx_word' id='word_1_124' title='bbox 1710 2014 1782 2086; x_wconf 83' lang='lat' dir='ltr'><strong>b,</strong></span> <span class='ocrx_word' id='word_1_125' title='bbox 1825 2012 1858 2091; x_wconf 79' lang='grc' dir='ltr'><em>ξ</em></span> <span class='ocrx_word' id='word_1_126' title='bbox 1898 2026 2067 2090; x_wconf 88' lang='lat' dir='ltr'><strong>atque</strong></span> <span class='ocrx_word' id='word_1_127' title='bbox 2108 2037 2149 2096; x_wconf 83' lang='grc' dir='ltr'>η</span> <span class='ocrx_word' id='word_1_128' title='bbox 2193 2014 2253 2073; x_wconf 90' lang='lat' dir='ltr'><strong>in</strong></span> <span class='ocrx_word' id='word_1_129' title='bbox 2294 2014 2550 2077; x_wconf 82' lang='lat' dir='ltr'><strong>formulis</strong></span> <span class='ocrx_word' id='word_1_130' title='bbox 2591 2014 3034 2075; x_wconf 89' lang='lat' dir='ltr'><strong>introducuntur</strong></span> <span class='ocrx_word' id='word_1_131' title='bbox 3112 2060 3134 2080; x_wconf 83' lang='lat'><strong>.</strong></span> 
     </span>
    </p>
   </div>
   <div class='ocr_carea' id='block_1_9' title="bbox 1174 2108 3994 2315">
    <p class='ocr_par' dir='ltr' id='par_1_9' title="bbox 1174 2108 3994 2315">
     <span class='ocr_line' id='line_1_16' title="bbox 1174 2108 3986 2219; baseline 0 -26"><span class='ocrx_word' id='word_1_132' title='bbox 1174 2126 1348 2198; x_wconf 47' lang='lat' dir='ltr'><strong>¹‘Arta</strong></span> <span class='ocrx_word' id='word_1_133' title='bbox 1393 2138 1678 2196; x_wconf 72' lang='lat'><strong>16—19.</strong></span> <span class='ocrx_word' id='word_1_134' title='bbox 1749 2134 1817 2192; x_wconf 89' lang='lat' dir='ltr'><strong>ln</strong></span> <span class='ocrx_word' id='word_1_135' title='bbox 1845 2133 2177 2197; x_wconf 85' lang='lat' dir='ltr'><strong>methodum</strong></span> <span class='ocrx_word' id='word_1_136' title='bbox 2204 2133 2606 2211; x_wconf 83' lang='lat' dir='ltr'><strong>aequationum</strong></span> <span class='ocrx_word' id='word_1_137' title='bbox 2628 2133 3086 2197; x_wconf 84' lang='lat' dir='ltr'><strong>differentialium</strong></span> <span class='ocrx_word' id='word_1_138' title='bbox 3117 2108 3575 2219; x_wconf 81' lang='lat' dir='ltr'><strong>perturbationes</strong></span> <span class='ocrx_word' id='word_1_139' title='bbox 3612 2129 3986 2215; x_wconf 86' lang='lat' dir='ltr'><strong>longitudinis</strong></span> 
     </span>
     <span class='ocr_line' id='line_1_17' title="bbox 1310 2227 3994 2315; baseline -0.001 -25"><span class='ocrx_word' id='word_1_140' title='bbox 1310 2230 1529 2290; x_wconf 87' lang='lat' dir='ltr'><strong>mediae</strong></span> <span class='ocrx_word' id='word_1_141' title='bbox 1555 2227 1991 2312; x_wconf 88' lang='lat' dir='ltr'><strong>logaritbmique</strong></span> <span class='ocrx_word' id='word_1_142' title='bbox 2011 2231 2156 2292; x_wconf 88' lang='lat' dir='ltr'><strong>radii</strong></span> <span class='ocrx_word' id='word_1_143' title='bbox 2170 2230 2418 2293; x_wconf 85' lang='lat' dir='ltr'><strong>vectoris</strong></span> <span class='ocrx_word' id='word_1_144' title='bbox 2436 2230 2922 2310; x_wconf 86' lang='lat' dir='ltr'><strong>suppeditantium</strong></span> <span class='ocrx_word' id='word_1_145' title='bbox 2947 2231 3411 2315; x_wconf 85' lang='lat' dir='ltr'><strong>integrandamm</strong></span> <span class='ocrx_word' id='word_1_146' title='bbox 3429 2228 3705 2291; x_wconf 87' lang='lat' dir='ltr'><strong>ulterius</strong></span> <span class='ocrx_word' id='word_1_147' title='bbox 3687 2227 3994 2305; x_wconf 84' lang='lat' dir='ltr'><strong>mquiritnr</strong></span> 
     </span>
    </p>
   </div>
   <div class='ocr_carea' id='block_1_10' title="bbox 1196 2324 4054 2436">
    <p class='ocr_par' dir='ltr' id='par_1_10' title="bbox 1196 2324 4054 2436">
     <span class='ocr_line' id='line_1_18' title="bbox 1196 2324 4054 2436; baseline -0.001 -22"><span class='ocrx_word' id='word_1_148' title='bbox 1196 2354 1325 2417; x_wconf 84' lang='lat' dir='ltr'><strong>Art.</strong></span> <span class='ocrx_word' id='word_1_149' title='bbox 1368 2357 1470 2413; x_wconf 89' lang='grc'><strong>20.</strong></span> <span class='ocrx_word' id='word_1_150' title='bbox 1547 2348 1897 2411; x_wconf 81' lang='lat' dir='ltr'><strong>Arbitrariae</strong></span> <span class='ocrx_word' id='word_1_151' title='bbox 1941 2353 2017 2426; x_wconf 80' lang='lat' dir='ltr'><strong>b,</strong></span> <span class='ocrx_word' id='word_1_152' title='bbox 2060 2351 2094 2431; x_wconf 84' lang='grc' dir='ltr'><strong><em>ξ</em></strong></span> <span class='ocrx_word' id='word_1_153' title='bbox 2132 2364 2303 2431; x_wconf 83' lang='lat' dir='ltr'><strong>atque</strong></span> <span class='ocrx_word' id='word_1_154' title='bbox 2346 2376 2388 2436; x_wconf 90' lang='grc' dir='ltr'><em>η</em></span> <span class='ocrx_word' id='word_1_155' title='bbox 2432 2353 2510 2414; x_wconf 91' lang='lat' dir='ltr'><strong>ita</strong></span> <span class='ocrx_word' id='word_1_156' title='bbox 2550 2353 3039 2428; x_wconf 86' lang='lat' dir='ltr'><strong>determinantur,</strong></span> <span class='ocrx_word' id='word_1_157' title='bbox 3079 2364 3144 2414; x_wconf 86' lang='lat' dir='ltr'><strong>ut</strong></span> <span class='ocrx_word' id='word_1_158' title='bbox 3185 2364 3377 2428; x_wconf 76' lang='lat' dir='ltr'><strong>motus</strong></span> <span class='ocrx_word' id='word_1_159' title='bbox 3419 2350 3642 2413; x_wconf 81' lang='lat' dir='ltr'><strong>medius</strong></span> <span class='ocrx_word' id='word_1_160' title='bbox 3680 2348 3993 2411; x_wconf 90' lang='lat' dir='ltr'><strong>anomaliae</strong></span> <span class='ocrx_word' id='word_1_161' title='bbox 4045 2324 4054 2337; x_wconf 24' lang='grc' dir='ltr'><strong>Κ</strong></span> 
     </span>
    </p>
   </div>
   <div class='ocr_carea' id='block_1_11' title="bbox 1312 2428 3995 2527">
    <p class='ocr_par' dir='ltr' id='par_1_11' title="bbox 1312 2428 3995 2527">
     <span class='ocr_line' id='line_1_19' title="bbox 1312 2428 3995 2527; baseline 0 -20"><span class='ocrx_word' id='word_1_162' title='bbox 1312 2446 1536 2508; x_wconf 87' lang='lat' dir='ltr'><strong>mediae</strong></span> <span class='ocrx_word' id='word_1_163' title='bbox 1573 2444 1907 2508; x_wconf 84' lang='lat' dir='ltr'><strong>observatus</strong></span> <span class='ocrx_word' id='word_1_164' title='bbox 1951 2460 2011 2509; x_wconf 89' lang='lat' dir='ltr'><strong>et</strong></span> <span class='ocrx_word' id='word_1_165' title='bbox 2051 2450 2444 2511; x_wconf 85' lang='lat' dir='ltr'><strong>excentricitas</strong></span> <span class='ocrx_word' id='word_1_166' title='bbox 2486 2450 2816 2511; x_wconf 87' lang='lat' dir='ltr'><strong>adiumento</strong></span> <span class='ocrx_word' id='word_1_167' title='bbox 2858 2449 3132 2512; x_wconf 83' lang='lat' dir='ltr'><strong>formulae</strong></span> <span class='ocrx_word' id='word_1_168' title='bbox 3175 2470 3316 2527; x_wconf 89' lang='lat' dir='ltr'><strong>pure</strong></span> <span class='ocrx_word' id='word_1_169' title='bbox 3359 2447 3639 2527; x_wconf 90' lang='lat' dir='ltr'><strong>ellipticae</strong></span> <span class='ocrx_word' id='word_1_170' title='bbox 3680 2468 3751 2508; x_wconf 88' lang='lat' dir='ltr'><strong>ex</strong></span> <span class='ocrx_word' id='word_1_171' title='bbox 3793 2428 3995 2508; x_wconf 90' lang='lat' dir='ltr'><strong>obser-</strong></span> 
     </span>
    </p>
   </div>
   <div class='ocr_carea' id='block_1_12' title="bbox 1311 2542 3995 2720">
    <p class='ocr_par' dir='ltr' id='par_1_12' title="bbox 1311 2542 3995 2720">
     <span class='ocr_line' id='line_1_20' title="bbox 1311 2542 3995 2627; baseline 0.001 -25"><span class='ocrx_word' id='word_1_172' title='bbox 1311 2554 1446 2605; x_wconf 79' lang='lat' dir='ltr'><strong>vato</strong></span> <span class='ocrx_word' id='word_1_173' title='bbox 1484 2543 1735 2605; x_wconf 84' lang='lat' dir='ltr'><strong>maximo</strong></span> <span class='ocrx_word' id='word_1_174' title='bbox 1777 2545 2133 2623; x_wconf 86' lang='lat' dir='ltr'><strong>aequationis</strong></span> <span class='ocrx_word' id='word_1_175' title='bbox 2175 2547 2358 2611; x_wconf 89' lang='lat' dir='ltr'><strong>centri</strong></span> <span class='ocrx_word' id='word_1_176' title='bbox 2396 2546 2646 2610; x_wconf 89' lang='lat' dir='ltr'><strong>termino</strong></span> <span class='ocrx_word' id='word_1_177' title='bbox 2687 2559 3011 2627; x_wconf 87' lang='lat' dir='ltr'><strong>computata</strong></span> <span class='ocrx_word' id='word_1_178' title='bbox 3051 2545 3442 2627; x_wconf 90' lang='lat' dir='ltr'><strong>computandis</strong></span> <span class='ocrx_word' id='word_1_179' title='bbox 3471 2542 3995 2625; x_wconf 80' lang='lat' dir='ltr'><strong>perturbationibus</strong></span> 
     </span>
     <span class='ocr_line' id='line_1_21' title="bbox 1315 2640 2001 2720; baseline 0.004 -18"><span class='ocrx_word' id='word_1_180' title='bbox 1315 2640 1747 2720; x_wconf 85' lang='lat' dir='ltr'><strong>superstruendi</strong></span> <span class='ocrx_word' id='word_1_181' title='bbox 1788 2655 1921 2704; x_wconf 87' lang='lat' dir='ltr'><strong>sunt</strong></span> <span class='ocrx_word' id='word_1_182' title='bbox 1981 2691 2001 2711; x_wconf 86' lang='lat'><strong>.</strong></span> 
     </span>
    </p>
   </div>
   <div class='ocr_carea' id='block_1_13' title="bbox 1195 2751 4033 2853">
    <p class='ocr_par' dir='ltr' id='par_1_13' title="bbox 1195 2751 4033 2853">
     <span class='ocr_line' id='line_1_22' title="bbox 1195 2751 4033 2853; baseline -0.001 -29"><span class='ocrx_word' id='word_1_183' title='bbox 1195 2751 1355 2827; x_wconf 81' lang='lat' dir='ltr'><strong>A‘rtt.</strong></span> <span class='ocrx_word' id='word_1_184' title='bbox 1387 2769 1673 2829; x_wconf 78' lang='lat'><strong>21—24.</strong></span> <span class='ocrx_word' id='word_1_185' title='bbox 1752 2764 1847 2825; x_wconf 88' lang='lat' dir='ltr'><strong>De</strong></span> <span class='ocrx_word' id='word_1_186' title='bbox 1886 2764 2412 2843; x_wconf 88' lang='lat' dir='ltr'><strong>perturbationibus</strong></span> <span class='ocrx_word' id='word_1_187' title='bbox 2454 2766 2703 2846; x_wconf 84' lang='lat' dir='ltr'><strong>ipsarum</strong></span> <span class='ocrx_word' id='word_1_188' title='bbox 2737 2786 2789 2853; x_wconf 78' lang='lat' dir='ltr'><strong>p</strong></span> <span class='ocrx_word' id='word_1_189' title='bbox 2828 2778 2888 2827; x_wconf 90' lang='lat' dir='ltr'><strong>et</strong></span> <span class='ocrx_word' id='word_1_190' title='bbox 2927 2789 2987 2852; x_wconf 80' lang='lat' dir='ltr'><strong>q.</strong></span> <span class='ocrx_word' id='word_1_191' title='bbox 3091 2763 3393 2826; x_wconf 88' lang='lat' dir='ltr'><strong>Inclinatio</strong></span> <span class='ocrx_word' id='word_1_192' title='bbox 3433 2775 3635 2825; x_wconf 89' lang='lat' dir='ltr'><strong>mutua</strong></span> <span class='ocrx_word' id='word_1_193' title='bbox 3670 2755 3733 2826; x_wconf 77' lang='lat' dir='ltr'><strong>et</strong></span> <span class='ocrx_word' id='word_1_194' title='bbox 3771 2760 4033 2842; x_wconf 72' lang='lat' dir='ltr'><strong>quanti-=</strong></span> 
     </span>
    </p>
   </div>
   <div class='ocr_carea' id='block_1_14' title="bbox 1311 2859 3998 3232">
    <p class='ocr_par' dir='ltr' id='par_1_14' title="bbox 1311 2859 3998 3232">
     <span class='ocr_line' id='line_1_23' title="bbox 1316 2859 3996 2941; baseline -0.001 -20"><span class='ocrx_word' id='word_1_195' title='bbox 1316 2870 1466 2921; x_wconf 85' lang='lat' dir='ltr'><strong>tates</strong></span> <span class='ocrx_word' id='word_1_196' title='bbox 1507 2859 1652 2921; x_wconf 90' lang='lat' dir='ltr'><strong>duae</strong></span> <span class='ocrx_word' id='word_1_197' title='bbox 1692 2880 1746 2941; x_wconf 84' lang='grc' dir='ltr'><strong>φ</strong></span> <span class='ocrx_word' id='word_1_198' title='bbox 1785 2873 1959 2940; x_wconf 89' lang='lat' dir='ltr'><strong>atque</strong></span> <span class='ocrx_word' id='word_1_199' title='bbox 1996 2870 2048 2941; x_wconf 82' lang='grc' dir='ltr'><strong><em>ψ</em></strong></span> <span class='ocrx_word' id='word_1_200' title='bbox 2090 2884 2160 2924; x_wconf 81' lang='lat' dir='ltr'><strong>ex</strong></span> <span class='ocrx_word' id='word_1_201' title='bbox 2199 2862 2514 2926; x_wconf 89' lang='lat' dir='ltr'><strong>orbitarum</strong></span> <span class='ocrx_word' id='word_1_202' title='bbox 2558 2862 2712 2924; x_wconf 87' lang='lat' dir='ltr'><strong>Solis</strong></span> <span class='ocrx_word' id='word_1_203' title='bbox 2757 2875 2817 2924; x_wconf 91' lang='lat' dir='ltr'><strong>et</strong></span> <span class='ocrx_word' id='word_1_204' title='bbox 2855 2863 3053 2924; x_wconf 90' lang='lat' dir='ltr'><strong>Lunae</strong></span> <span class='ocrx_word' id='word_1_205' title='bbox 3092 2861 3262 2923; x_wconf 90' lang='lat' dir='ltr'><strong>nodis</strong></span> <span class='ocrx_word' id='word_1_206' title='bbox 3305 2861 3607 2940; x_wconf 86' lang='lat' dir='ltr'><strong>reciprocis</strong></span> <span class='ocrx_word' id='word_1_207' title='bbox 3637 2860 3996 2939; x_wconf 88' lang='lat' dir='ltr'><strong>potissimum</strong></span> 
     </span>
     <span class='ocr_line' id='line_1_24' title="bbox 1314 2956 3998 3037; baseline -0.001 -20"><span class='ocrx_word' id='word_1_208' title='bbox 1314 2956 1632 3034; x_wconf 79' lang='lat' dir='ltr'><strong>pendentes</strong></span> <span class='ocrx_word' id='word_1_209' title='bbox 1672 2958 1733 3018; x_wconf 91' lang='lat' dir='ltr'><strong>in</strong></span> <span class='ocrx_word' id='word_1_210' title='bbox 1774 2958 2035 3022; x_wconf 81' lang='lat' dir='ltr'><strong>formulis</strong></span> <span class='ocrx_word' id='word_1_211' title='bbox 2076 2960 2340 3022; x_wconf 90' lang='lat' dir='ltr'><strong>omnibus</strong></span> <span class='ocrx_word' id='word_1_212' title='bbox 2383 2960 2845 3022; x_wconf 79' lang='lat' dir='ltr'><strong>introducuntur.</strong></span> <span class='ocrx_word' id='word_1_213' title='bbox 2888 2994 2892 2998; x_wconf 94' lang='lat'><em>·</em></span> <span class='ocrx_word' id='word_1_214' title='bbox 2946 2959 3289 3022; x_wconf 89' lang='lat' dir='ltr'><strong>Ostenditur</strong></span> <span class='ocrx_word' id='word_1_215' title='bbox 3329 2959 3618 3037; x_wconf 91' lang='lat' dir='ltr'><strong>quomodo</strong></span> <span class='ocrx_word' id='word_1_216' title='bbox 3656 2956 3888 3019; x_wconf 88' lang='lat' dir='ltr'><strong>termini</strong></span> <span class='ocrx_word' id='word_1_217' title='bbox 3928 2971 3998 3015; x_wconf 82' lang='lat' dir='ltr'><strong>ex</strong></span> 
     </span>
     <span class='ocr_line' id='line_1_25' title="bbox 1311 3048 3995 3139; baseline -0.001 -28"><span class='ocrx_word' id='word_1_218' title='bbox 1311 3052 1675 3116; x_wconf 86' lang='lat' dir='ltr'><strong>inclinatione</strong></span> <span class='ocrx_word' id='word_1_219' title='bbox 1732 3068 1931 3118; x_wconf 87' lang='lat' dir='ltr'><strong>mutua</strong></span> <span class='ocrx_word' id='word_1_220' title='bbox 1989 3059 2307 3136; x_wconf 89' lang='lat' dir='ltr'><strong>pendentes</strong></span> <span class='ocrx_word' id='word_1_221' title='bbox 2365 3069 2429 3118; x_wconf 90' lang='lat' dir='ltr'><strong>et</strong></span> <span class='ocrx_word' id='word_1_222' title='bbox 2482 3057 2542 3117; x_wconf 92' lang='lat' dir='ltr'><strong>in</strong></span> <span class='ocrx_word' id='word_1_223' title='bbox 2583 3057 2957 3139; x_wconf 88' lang='lat' dir='ltr'><strong>integralibus</strong></span> <span class='ocrx_word' id='word_1_224' title='bbox 2999 3078 3103 3135; x_wconf 85' lang='lat' dir='ltr'><strong>per</strong></span> <span class='ocrx_word' id='word_1_225' title='bbox 3144 3069 3369 3137; x_wconf 89' lang='lat' dir='ltr'><strong>tempus</strong></span> <span class='ocrx_word' id='word_1_226' title='bbox 3411 3056 3596 3136; x_wconf 90' lang='lat' dir='ltr'><strong>ipsum</strong></span> <span class='ocrx_word' id='word_1_227' title='bbox 3638 3048 3995 3131; x_wconf 86' lang='lat' dir='ltr'><strong>multiplicati</strong></span> 
     </span>
     <span class='ocr_line' id='line_1_26' title="bbox 1311 3149 3094 3232; baseline 0.003 -22"><span class='ocrx_word' id='word_1_228' title='bbox 1311 3149 1436 3211; x_wconf 88' lang='lat' dir='ltr'><strong>tolli</strong></span> <span class='ocrx_word' id='word_1_229' title='bbox 1474 3151 1718 3229; x_wconf 87' lang='lat' dir='ltr'><strong>possint.</strong></span> <span class='ocrx_word' id='word_1_230' title='bbox 1802 3156 1971 3230; x_wconf 84' lang='lat' dir='ltr'><strong>Quae</strong></span> <span class='ocrx_word' id='word_1_231' title='bbox 2012 3154 2318 3216; x_wconf 88' lang='lat' dir='ltr'><strong>methodus</strong></span> <span class='ocrx_word' id='word_1_232' title='bbox 2358 3153 2702 3216; x_wconf 90' lang='lat' dir='ltr'><strong>incommodi</strong></span> <span class='ocrx_word' id='word_1_233' title='bbox 2742 3155 2877 3232; x_wconf 91' lang='lat' dir='ltr'><strong>quid</strong></span> <span class='ocrx_word' id='word_1_234' title='bbox 2921 3152 3094 3216; x_wconf 87' lang='lat' dir='ltr'><strong>habet</strong></span> 
     </span>
    </p>
   </div>
   <div class='ocr_carea' id='block_1_15' title="bbox 1196 3273 3854 3451">
    <p class='ocr_par' dir='ltr' id='par_1_15' title="bbox 1196 3273 3854 3451">
     <span class='ocr_line' id='line_1_27' title="bbox 1196 3273 3854 3360; baseline -0.001 -27"><span class='ocrx_word' id='word_1_235' title='bbox 1196 3273 1327 3337; x_wconf 83' lang='lat' dir='ltr'><strong>Art.</strong></span> <span class='ocrx_word' id='word_1_236' title='bbox 1371 3279 1471 3336; x_wconf 83' lang='grc'><strong>25.</strong></span> <span class='ocrx_word' id='word_1_237' title='bbox 1551 3275 1752 3335; x_wconf 82' lang='lat' dir='ltr'><strong>Novae</strong></span> <span class='ocrx_word' id='word_1_238' title='bbox 1793 3275 2143 3351; x_wconf 88' lang='lat' dir='ltr'><strong>quantitates</strong></span> <span class='ocrx_word' id='word_1_239' title='bbox 2187 3277 2271 3349; x_wconf 91' lang='lat' dir='ltr'><strong>P,</strong></span> <span class='ocrx_word' id='word_1_240' title='bbox 2317 3276 2371 3354; x_wconf 78' lang='lat' dir='ltr'><strong>Q</strong></span> <span class='ocrx_word' id='word_1_241' title='bbox 2412 3285 2582 3356; x_wconf 87' lang='lat' dir='ltr'><strong>atque</strong></span> <span class='ocrx_word' id='word_1_242' title='bbox 2625 3278 2706 3340; x_wconf 84' lang='lat' dir='ltr'><em>K</em></span> <span class='ocrx_word' id='word_1_243' title='bbox 2734 3275 2859 3337; x_wconf 90' lang='lat' dir='ltr'><strong>loco</strong></span> <span class='ocrx_word' id='word_1_244' title='bbox 2901 3277 2973 3351; x_wconf 93' lang='lat' dir='ltr'><strong>I,</strong></span> <span class='ocrx_word' id='word_1_245' title='bbox 3017 3297 3069 3360; x_wconf 85' lang='grc' dir='ltr'><strong><em>φ</em></strong></span> <span class='ocrx_word' id='word_1_246' title='bbox 3109 3287 3282 3355; x_wconf 90' lang='lat' dir='ltr'><strong>atque</strong></span> <span class='ocrx_word' id='word_1_247' title='bbox 3321 3283 3372 3355; x_wconf 80' lang='grc' dir='ltr'><strong><em>ψ</em></strong></span> <span class='ocrx_word' id='word_1_248' title='bbox 3414 3274 3854 3337; x_wconf 85' lang='lat' dir='ltr'><strong>introducuntur</strong></span> 
     </span>
     <span class='ocr_line' id='line_1_28' title="bbox 1200 3371 3575 3451; baseline 0.002 -23"><span class='ocrx_word' id='word_1_249' title='bbox 1200 3371 1330 3432; x_wconf 87' lang='lat' dir='ltr'><strong>Art.</strong></span> <span class='ocrx_word' id='word_1_250' title='bbox 1370 3375 1470 3432; x_wconf 77' lang='lat'><strong>26.</strong></span> <span class='ocrx_word' id='word_1_251' title='bbox 1550 3371 1951 3436; x_wconf 89' lang='lat' dir='ltr'><strong>Theorematis</strong></span> <span class='ocrx_word' id='word_1_252' title='bbox 1992 3372 2283 3435; x_wconf 90' lang='lat' dir='ltr'><strong>cuiusdam</strong></span> <span class='ocrx_word' id='word_1_253' title='bbox 2326 3371 2450 3432; x_wconf 89' lang='lat' dir='ltr'><strong>noti</strong></span> <span class='ocrx_word' id='word_1_254' title='bbox 2492 3372 2908 3451; x_wconf 87' lang='lat' dir='ltr'><strong>simplicissima</strong></span> <span class='ocrx_word' id='word_1_255' title='bbox 2950 3373 3367 3436; x_wconf 90' lang='lat' dir='ltr'><strong>demonstratio</strong></span> <span class='ocrx_word' id='word_1_256' title='bbox 3408 3374 3575 3434; x_wconf 89' lang='lat' dir='ltr'><strong>datur</strong></span> 
     </span>
    </p>
   </div>
   <div class='ocr_carea' id='block_1_16' title="bbox 1198 3488 3995 3576">
    <p class='ocr_par' dir='ltr' id='par_1_16' title="bbox 1198 3488 3995 3576">
     <span class='ocr_line' id='line_1_29' title="bbox 1198 3488 3995 3576; baseline 0.001 -27"><span class='ocrx_word' id='word_1_257' title='bbox 1198 3488 1355 3551; x_wconf 79' lang='lat' dir='ltr'><strong>Artt.</strong></span> <span class='ocrx_word' id='word_1_258' title='bbox 1395 3495 1472 3549; x_wconf 76' lang='lat'><strong>2¹7</strong></span> <span class='ocrx_word' id='word_1_259' title='bbox 1517 3501 1575 3551; x_wconf 90' lang='lat' dir='ltr'><strong>et</strong></span> <span class='ocrx_word' id='word_1_260' title='bbox 1616 3498 1719 3554; x_wconf 82' lang='lat'><strong>28.</strong></span> <span class='ocrx_word' id='word_1_261' title='bbox 1802 3496 1871 3554; x_wconf 86' lang='lat' dir='ltr'><strong>ln</strong></span> <span class='ocrx_word' id='word_1_262' title='bbox 1910 3494 2246 3555; x_wconf 85' lang='lat' dir='ltr'><strong>methodum</strong></span> <span class='ocrx_word' id='word_1_263' title='bbox 2286 3493 2729 3572; x_wconf 89' lang='lat' dir='ltr'><strong>aequationum,</strong></span> <span class='ocrx_word' id='word_1_264' title='bbox 2786 3516 2930 3572; x_wconf 90' lang='lat' dir='ltr'><strong>quae</strong></span> <span class='ocrx_word' id='word_1_265' title='bbox 2968 3493 3120 3573; x_wconf 88' lang='lat' dir='ltr'><strong>ipsas</strong></span> <span class='ocrx_word' id='word_1_266' title='bbox 3164 3496 3252 3570; x_wconf 90' lang='lat' dir='ltr'><strong>P,</strong></span> <span class='ocrx_word' id='word_1_267' title='bbox 3313 3495 3367 3576; x_wconf 77' lang='lat' dir='ltr'><strong>Q</strong></span> <span class='ocrx_word' id='word_1_268' title='bbox 3406 3503 3575 3571; x_wconf 90' lang='lat' dir='ltr'><strong>atque</strong></span> <span class='ocrx_word' id='word_1_269' title='bbox 3619 3492 3694 3556; x_wconf 80' lang='lat' dir='ltr'><em>K</em></span> <span class='ocrx_word' id='word_1_270' title='bbox 3724 3488 3995 3569; x_wconf 88' lang='lat' dir='ltr'><strong>suppedi-</strong></span> 
     </span>
    </p>
   </div>
   <div class='ocr_carea' id='block_1_17' title="bbox 1316 3586 4000 3768">
    <p class='ocr_par' dir='ltr' id='par_1_17' title="bbox 1316 3586 4000 3768">
     <span class='ocr_line' id='line_1_30' title="bbox 1318 3586 4000 3700; baseline 0.001 -54"><span class='ocrx_word' id='word_1_271' title='bbox 1318 3597 1476 3659; x_wconf 89' lang='lat' dir='ltr'><strong>tant,</strong></span> <span class='ocrx_word' id='word_1_272' title='bbox 1534 3586 2000 3671; x_wconf 84' lang='lat' dir='ltr'><strong>integrandamm</strong></span> <span class='ocrx_word' id='word_1_273' title='bbox 2058 3590 2384 3668; x_wconf 84' lang='lat' dir='ltr'><strong>inquiritur.</strong></span> <span class='ocrx_word' id='word_1_274' title='bbox 2483 3592 2678 3668; x_wconf 88' lang='lat' dir='ltr'><strong>Quem</strong></span> <span class='ocrx_word' id='word_1_275' title='bbox 2738 3590 2798 3651; x_wconf 90' lang='lat' dir='ltr'><strong>in</strong></span> <span class='ocrx_word' id='word_1_276' title='bbox 2849 3590 3022 3653; x_wconf 90' lang='lat' dir='ltr'><strong>finem</strong></span> <span class='ocrx_word' id='word_1_277' title='bbox 3065 3591 3456 3698; x_wconf 88' lang='lat' dir='ltr'><strong>consideratur</strong></span> <span class='ocrx_word' id='word_1_278' title='bbox 3492 3589 3786 3700; x_wconf 90' lang='lat' dir='ltr'><strong>problema</strong></span> <span class='ocrx_word' id='word_1_279' title='bbox 3825 3587 4000 3650; x_wconf 89' lang='lat' dir='ltr'><strong>trium</strong></span> 
     </span>
     <span class='ocr_line' id='line_1_31' title="bbox 1316 3686 3428 3768; baseline 0.002 -26"><span class='ocrx_word' id='word_1_280' title='bbox 1316 3703 1619 3761; x_wconf 79' lang='lat' dir='ltr'><strong>corporum</strong></span> <span class='ocrx_word' id='word_1_281' title='bbox 1660 3686 1962 3768; x_wconf 89' lang='lat' dir='ltr'><strong>generale,</strong></span> <span class='ocrx_word' id='word_1_282' title='bbox 2005 3686 2165 3749; x_wconf 91' lang='lat' dir='ltr'><strong>cuius</strong></span> <span class='ocrx_word' id='word_1_283' title='bbox 2205 3708 2370 3750; x_wconf 88' lang='lat' dir='ltr'><strong>casus</strong></span> <span class='ocrx_word' id='word_1_284' title='bbox 2411 3688 2665 3767; x_wconf 87' lang='lat' dir='ltr'><strong>specialis</strong></span> <span class='ocrx_word' id='word_1_285' title='bbox 2689 3689 2904 3749; x_wconf 92' lang='lat' dir='ltr'><strong>Lunae</strong></span> <span class='ocrx_word' id='word_1_286' title='bbox 2946 3687 3164 3748; x_wconf 87' lang='lat' dir='ltr'><strong>theoria</strong></span> <span class='ocrx_word' id='word_1_287' title='bbox 3205 3688 3428 3765; x_wconf 89' lang='lat' dir='ltr'><strong>ponit.</strong></span> 
     </span>
    </p>
   </div>
   <div class='ocr_carea' id='block_1_18' title="bbox 1199 3802 4004 4464">
    <p class='ocr_par' dir='ltr' id='par_1_18' title="bbox 1199 3802 4004 4464">
     <span class='ocr_line' id='line_1_32' title="bbox 1199 3802 4002 3892; baseline -0.001 -27"><span class='ocrx_word' id='word_1_288' title='bbox 1199 3803 1357 3867; x_wconf 78' lang='lat' dir='ltr'><strong>Aru.</strong></span> <span class='ocrx_word' id='word_1_289' title='bbox 1396 3811 1476 3866; x_wconf 84' lang='grc'><strong>29</strong></span> <span class='ocrx_word' id='word_1_290' title='bbox 1518 3815 1577 3865; x_wconf 87' lang='lat' dir='ltr'><strong>et</strong></span> <span class='ocrx_word' id='word_1_291' title='bbox 1612 3812 1716 3872; x_wconf 78' lang='lat'><strong>-30,</strong></span> <span class='ocrx_word' id='word_1_292' title='bbox 1797 3805 2128 3884; x_wconf 86' lang='lat' dir='ltr'><strong>Explicatur</strong></span> <span class='ocrx_word' id='word_1_293' title='bbox 2166 3809 2458 3885; x_wconf 88' lang='lat' dir='ltr'><strong>quomodo</strong></span> <span class='ocrx_word' id='word_1_294' title='bbox 2496 3808 2781 3871; x_wconf 88' lang='lat' dir='ltr'><strong>valores</strong></span> <span class='ocrx_word' id='word_1_295' title='bbox 2761 3831 3010 3888; x_wconf 89' lang='lat' dir='ltr'><strong>1psarum</strong></span> <span class='ocrx_word' id='word_1_296' title='bbox 3047 3831 3096 3892; x_wconf 84' lang='lat' dir='ltr'><strong>p</strong></span> <span class='ocrx_word' id='word_1_297' title='bbox 3135 3820 3306 3884; x_wconf 89' lang='lat' dir='ltr'><strong>atque</strong></span> <span class='ocrx_word' id='word_1_298' title='bbox 3347 3831 3408 3892; x_wconf 86' lang='lat' dir='ltr'><strong>q,</strong></span> <span class='ocrx_word' id='word_1_299' title='bbox 3449 3827 3482 3867; x_wconf 88' lang='lat' dir='ltr'><strong>e</strong></span> <span class='ocrx_word' id='word_1_300' title='bbox 3523 3802 4002 3883; x_wconf 60' lang='lat' dir='ltr'><strong>quibus&#39;latitudo</strong></span> 
     </span>
     <span class='ocr_line' id='line_1_33' title="bbox 1313 3900 3996 3989; baseline -0.002 -28"><span class='ocrx_word' id='word_1_301' title='bbox 1313 3901 1517 3961; x_wconf 89' lang='lat' dir='ltr'><strong>Lunae</strong></span> <span class='ocrx_word' id='word_1_302' title='bbox 1553 3902 1922 3980; x_wconf 77' lang='lat' dir='ltr'><strong>reductioque</strong></span> <span class='ocrx_word' id='word_1_303' title='bbox 1961 3903 2085 3966; x_wconf 91' lang='lat' dir='ltr'><strong>eius</strong></span> <span class='ocrx_word' id='word_1_304' title='bbox 2126 3904 2556 3989; x_wconf 89' lang='lat' dir='ltr'><strong>longitudinis</strong></span> <span class='ocrx_word' id='word_1_305' title='bbox 2538 3928 2599 3966; x_wconf 88' lang='grc' dir='ltr'><strong>ιιι</strong></span> <span class='ocrx_word' id='word_1_306' title='bbox 2637 3904 2821 3967; x_wconf 87' lang='lat' dir='ltr'><strong>orbita</strong></span> <span class='ocrx_word' id='word_1_307' title='bbox 2862 3928 2918 3985; x_wconf 74' lang='lat' dir='ltr'><strong>v,</strong></span> <span class='ocrx_word' id='word_1_308' title='bbox 2963 3904 3034 3965; x_wconf 90' lang='lat' dir='ltr'><strong>ad</strong></span> <span class='ocrx_word' id='word_1_309' title='bbox 3074 3903 3306 3982; x_wconf 87' lang='lat' dir='ltr'><strong>planum</strong></span> <span class='ocrx_word' id='word_1_310' title='bbox 3349 3901 3717 3982; x_wconf 86' lang='lat' dir='ltr'><strong>proiectionis</strong></span> <span class='ocrx_word' id='word_1_311' title='bbox 3738 3921 3842 3962; x_wconf 91' lang='lat' dir='ltr'><strong>seu</strong></span> <span class='ocrx_word' id='word_1_312' title='bbox 3868 3900 3996 3959; x_wconf 85' lang='lat' dir='ltr'><strong>fun·</strong></span> 
     </span>
     <span class='ocr_line' id='line_1_34' title="bbox 1320 3992 4002 4082; baseline -0.002 -26"><span class='ocrx_word' id='word_1_313' title='bbox 1320 3997 1646 4059; x_wconf 75' lang='lat' dir='ltr'><strong>damentale</strong></span> <span class='ocrx_word' id='word_1_314' title='bbox 1684 4000 1933 4077; x_wconf 88' lang='lat' dir='ltr'><strong>pendet,</strong></span> <span class='ocrx_word' id='word_1_315' title='bbox 1975 4021 2046 4062; x_wconf 83' lang='lat' dir='ltr'><strong>ex</strong></span> <span class='ocrx_word' id='word_1_316' title='bbox 2086 4001 2335 4065; x_wconf 81' lang='lat' dir='ltr'><strong>inventis</strong></span> <span class='ocrx_word' id='word_1_317' title='bbox 2374 4002 2626 4081; x_wconf 89' lang='lat' dir='ltr'><strong>ipsarum</strong></span> <span class='ocrx_word' id='word_1_318' title='bbox 2669 4007 2861 4081; x_wconf 63' lang='lat' dir='ltr'><strong>(roz,</strong></span> <span class='ocrx_word' id='word_1_319' title='bbox 2902 4004 2995 4080; x_wconf 88' lang='lat' dir='ltr'><strong>lr,</strong></span> <span class='ocrx_word' id='word_1_320' title='bbox 3039 4000 3130 4080; x_wconf 82' lang='lat' dir='ltr'><strong>S,</strong></span> <span class='ocrx_word' id='word_1_321' title='bbox 3173 4002 3256 4077; x_wconf 81' lang='lat' dir='ltr'><strong>P,</strong></span> <span class='ocrx_word' id='word_1_322' title='bbox 3305 4001 3359 4082; x_wconf 77' lang='lat' dir='ltr'><strong>Q</strong></span> <span class='ocrx_word' id='word_1_323' title='bbox 3395 4013 3566 4078; x_wconf 88' lang='lat' dir='ltr'><strong>atque</strong></span> <span class='ocrx_word' id='word_1_324' title='bbox 3610 4000 3693 4060; x_wconf 79' lang='lat' dir='ltr'><em>K</em></span> <span class='ocrx_word' id='word_1_325' title='bbox 3715 3992 4002 4056; x_wconf 80' lang='lat' dir='ltr'><strong>valoribus</strong></span> 
     </span>
     <span class='ocr_line' id='line_1_35' title="bbox 1324 4094 4004 4183; baseline -0.001 -31"><span class='ocrx_word' id='word_1_326' title='bbox 1324 4094 1690 4171; x_wconf 83' lang='lat' dir='ltr'><strong>computandi</strong></span> <span class='ocrx_word' id='word_1_327' title='bbox 1747 4095 1885 4163; x_wconf 90' lang='lat' dir='ltr'><strong>sint.</strong></span> <span class='ocrx_word' id='word_1_328' title='bbox 1940 4145 1953 4156; x_wconf 86' lang='lat'><strong>.</strong></span> <span class='ocrx_word' id='word_1_329' title='bbox 1983 4098 2351 4174; x_wconf 87' lang='lat' dir='ltr'><strong>Quantitates</strong></span> <span class='ocrx_word' id='word_1_330' title='bbox 2400 4123 2453 4183; x_wconf 85' lang='lat' dir='ltr'><strong>p</strong></span> <span class='ocrx_word' id='word_1_331' title='bbox 2493 4109 2664 4174; x_wconf 90' lang='lat' dir='ltr'><strong>atque</strong></span> <span class='ocrx_word' id='word_1_332' title='bbox 2704 4122 2742 4183; x_wconf 85' lang='lat' dir='ltr'><em>q</em></span> <span class='ocrx_word' id='word_1_333' title='bbox 2781 4097 2842 4157; x_wconf 91' lang='lat' dir='ltr'><strong>in</strong></span> <span class='ocrx_word' id='word_1_334' title='bbox 2883 4095 3020 4157; x_wconf 85' lang='lat' dir='ltr'><strong>alias</strong></span> <span class='ocrx_word' id='word_1_335' title='bbox 3052 4119 3122 4182; x_wconf 75' lang='lat' dir='ltr'><strong>p,</strong></span> <span class='ocrx_word' id='word_1_336' title='bbox 3164 4107 3336 4174; x_wconf 90' lang='lat' dir='ltr'><strong>atque</strong></span> <span class='ocrx_word' id='word_1_337' title='bbox 3374 4120 3430 4181; x_wconf 73' lang='lat' dir='ltr'><strong>q,</strong></span> <span class='ocrx_word' id='word_1_338' title='bbox 3473 4096 3773 4156; x_wconf 89' lang='lat' dir='ltr'><strong>denotatas</strong></span> <span class='ocrx_word' id='word_1_339' title='bbox 3812 4102 4004 4152; x_wconf 88' lang='lat' dir='ltr'><strong>trans-</strong></span> 
     </span>
     <span class='ocr_line' id='line_1_36' title="bbox 1318 4185 4000 4277; baseline -0.001 -30"><span class='ocrx_word' id='word_1_340' title='bbox 1318 4189 1658 4253; x_wconf 85' lang='lat' dir='ltr'><strong>formantur.</strong></span> <span class='ocrx_word' id='word_1_341' title='bbox 1736 4192 2049 4257; x_wconf 87' lang='lat' dir='ltr'><strong>Methodus</strong></span> <span class='ocrx_word' id='word_1_342' title='bbox 2089 4217 2236 4258; x_wconf 83' lang='lat' dir='ltr'><strong>nova</strong></span> <span class='ocrx_word' id='word_1_343' title='bbox 2277 4193 2620 4274; x_wconf 86' lang='lat' dir='ltr'><strong>exponitur,</strong></span> <span class='ocrx_word' id='word_1_344' title='bbox 2661 4215 2772 4271; x_wconf 90' lang='lat' dir='ltr'><strong>qua</strong></span> <span class='ocrx_word' id='word_1_345' title='bbox 2811 4192 3186 4270; x_wconf 89' lang='lat' dir='ltr'><strong>aequationes</strong></span> <span class='ocrx_word' id='word_1_346' title='bbox 3225 4213 3330 4271; x_wconf 90' lang='lat' dir='ltr'><strong>pro</strong></span> <span class='ocrx_word' id='word_1_347' title='bbox 3366 4216 3431 4277; x_wconf 74' lang='lat' dir='ltr'><strong>p,</strong></span> <span class='ocrx_word' id='word_1_348' title='bbox 3475 4203 3647 4269; x_wconf 89' lang='lat' dir='ltr'><strong>atque</strong></span> <span class='ocrx_word' id='word_1_349' title='bbox 3688 4214 3742 4275; x_wconf 73' lang='lat' dir='ltr'><strong>q,</strong></span> <span class='ocrx_word' id='word_1_350' title='bbox 3790 4186 3866 4248; x_wconf 90' lang='lat' dir='ltr'><strong>ita</strong></span> <span class='ocrx_word' id='word_1_351' title='bbox 3909 4185 4000 4246; x_wconf 87' lang='lat' dir='ltr'><strong>in·</strong></span> 
     </span>
     <span class='ocr_line' id='line_1_37' title="bbox 1320 4288 3995 4367; baseline -0.001 -20"><span class='ocrx_word' id='word_1_352' title='bbox 1320 4297 1652 4366; x_wconf 84' lang='lat' dir='ltr'><strong>tegrantur,</strong></span> <span class='ocrx_word' id='word_1_353' title='bbox 1720 4301 1785 4349; x_wconf 88' lang='lat' dir='ltr'><strong>ut</strong></span> <span class='ocrx_word' id='word_1_354' title='bbox 1841 4289 2062 4352; x_wconf 87' lang='lat' dir='ltr'><strong>orbitae</strong></span> <span class='ocrx_word' id='word_1_355' title='bbox 2114 4293 2314 4353; x_wconf 91' lang='lat' dir='ltr'><strong>Lunae</strong></span> <span class='ocrx_word' id='word_1_356' title='bbox 2369 4289 2663 4351; x_wconf 87' lang='lat' dir='ltr'><strong>inclinatio</strong></span> <span class='ocrx_word' id='word_1_357' title='bbox 2703 4291 2772 4349; x_wconf 89' lang='lat' dir='ltr'><strong>ad</strong></span> <span class='ocrx_word' id='word_1_358' title='bbox 2814 4288 3047 4366; x_wconf 86' lang='lat' dir='ltr'><strong>planum</strong></span> <span class='ocrx_word' id='word_1_359' title='bbox 3087 4289 3454 4367; x_wconf 86' lang='lat' dir='ltr'><strong>proiectionis</strong></span> <span class='ocrx_word' id='word_1_360' title='bbox 3496 4304 3867 4366; x_wconf 86' lang='lat' dir='ltr'><strong>quaecunque</strong></span> <span class='ocrx_word' id='word_1_361' title='bbox 3904 4301 3995 4344; x_wconf 89' lang='lat' dir='ltr'><strong>re-</strong></span> 
     </span>
     <span class='ocr_line' id='line_1_38' title="bbox 1320 4384 3444 4464; baseline 0.004 -23"><span class='ocrx_word' id='word_1_362' title='bbox 1320 4395 1573 4459; x_wconf 88' lang='lat' dir='ltr'><strong>maneat,</strong></span> <span class='ocrx_word' id='word_1_363' title='bbox 1616 4395 1676 4446; x_wconf 87' lang='lat' dir='ltr'><strong>et</strong></span> <span class='ocrx_word' id='word_1_364' title='bbox 1715 4384 1948 4446; x_wconf 91' lang='lat' dir='ltr'><strong>termini</strong></span> <span class='ocrx_word' id='word_1_365' title='bbox 1987 4405 2093 4463; x_wconf 89' lang='lat' dir='ltr'><strong>per</strong></span> <span class='ocrx_word' id='word_1_366' title='bbox 2129 4399 2358 4464; x_wconf 88' lang='lat' dir='ltr'><strong>tempus</strong></span> <span class='ocrx_word' id='word_1_367' title='bbox 2400 4385 2590 4463; x_wconf 90' lang='lat' dir='ltr'><strong>ipsum</strong></span> <span class='ocrx_word' id='word_1_368' title='bbox 2629 4384 2986 4464; x_wconf 89' lang='lat' dir='ltr'><strong>multiplicati</strong></span> <span class='ocrx_word' id='word_1_369' title='bbox 3026 4407 3145 4447; x_wconf 87' lang='lat' dir='ltr'><strong>non</strong></span> <span class='ocrx_word' id='word_1_370' title='bbox 3182 4385 3444 4450; x_wconf 89' lang='lat' dir='ltr'><strong>oriantur</strong></span> 
     </span>
    </p>
   </div>
   <div class='ocr_carea' id='block_1_19' title="bbox 1207 4497 4002 4685">
    <p class='ocr_par' dir='ltr' id='par_1_19' title="bbox 1207 4497 4002 4685">
     <span class='ocr_line' id='line_1_39' title="bbox 1207 4497 4002 4588; baseline -0.001 -22"><span class='ocrx_word' id='word_1_371' title='bbox 1207 4503 1363 4566; x_wconf 81' lang='lat' dir='ltr'><strong>Artt.</strong></span> <span class='ocrx_word' id='word_1_372' title='bbox 1407 4512 1486 4565; x_wconf 78' lang='lat'><strong>31</strong></span> <span class='ocrx_word' id='word_1_373' title='bbox 1528 4516 1587 4565; x_wconf 88' lang='lat' dir='ltr'><strong>et</strong></span> <span class='ocrx_word' id='word_1_374' title='bbox 1628 4514 1727 4569; x_wconf 80' lang='lat'><strong>32.</strong></span> <span class='ocrx_word' id='word_1_375' title='bbox 1812 4502 2142 4566; x_wconf 85' lang='lat' dir='ltr'><strong>Relationes</strong></span> <span class='ocrx_word' id='word_1_376' title='bbox 2174 4503 2326 4564; x_wconf 89' lang='lat' dir='ltr'><strong>inter</strong></span> <span class='ocrx_word' id='word_1_377' title='bbox 2357 4514 2686 4567; x_wconf 88' lang='lat' dir='ltr'><strong>constantes</strong></span> <span class='ocrx_word' id='word_1_378' title='bbox 2727 4505 3052 4568; x_wconf 87' lang='lat' dir='ltr'><strong>arbitrarias</strong></span> <span class='ocrx_word' id='word_1_379' title='bbox 3095 4503 3565 4584; x_wconf 85' lang='lat' dir='ltr'><strong>praecedentibus</strong></span> <span class='ocrx_word' id='word_1_380' title='bbox 3606 4497 4002 4588; x_wconf 82' lang='lat' dir='ltr'><strong>integrationi-</strong></span> 
     </span>
     <span class='ocr_line' id='line_1_40' title="bbox 1324 4597 3874 4685; baseline -0.001 -24"><span class='ocrx_word' id='word_1_381' title='bbox 1324 4599 1431 4685; x_wconf 81' lang='lat' dir='ltr'><strong>bus</strong></span> <span class='ocrx_word' id='word_1_382' title='bbox 1473 4601 1819 4664; x_wconf 90' lang='lat' dir='ltr'><strong>introductas</strong></span> <span class='ocrx_word' id='word_1_383' title='bbox 1861 4597 2173 4662; x_wconf 82' lang='lat' dir='ltr'><strong>existentes</strong></span> <span class='ocrx_word' id='word_1_384' title='bbox 2213 4609 2274 4662; x_wconf 89' lang='lat' dir='ltr'><strong>et</strong></span> <span class='ocrx_word' id='word_1_385' title='bbox 2314 4599 2517 4661; x_wconf 88' lang='lat' dir='ltr'><strong>barum</strong></span> <span class='ocrx_word' id='word_1_386' title='bbox 2559 4599 2942 4663; x_wconf 87' lang='lat' dir='ltr'><strong>constantium</strong></span> <span class='ocrx_word' id='word_1_387' title='bbox 2977 4598 3417 4683; x_wconf 60' lang='lat' dir='ltr'><strong>significationes</strong></span> <span class='ocrx_word' id='word_1_388' title='bbox 3458 4597 3874 4680; x_wconf 79' lang='lat' dir='ltr'><strong>investigantur</strong></span> 
     </span>
    </p>
   </div>
   <div class='ocr_carea' id='block_1_20' title="bbox 4048 593 4177 657">
    <p class='ocr_par' dir='ltr' id='par_1_20' title="bbox 4048 593 4177 657">
     <span class='ocr_line' id='line_1_41' title="bbox 4048 593 4177 657; baseline 0.031 -4"><span class='ocrx_word' id='word_1_389' title='bbox 4048 593 4177 657; x_wconf 65' lang='lat' dir='ltr'><strong>pas·</strong></span> 
     </span>
    </p>
   </div>
   <div class='ocr_carea' id='block_1_21' title="bbox 4102 854 4184 907">
    <p class='ocr_par' dir='ltr' id='par_1_21' title="bbox 4102 854 4184 907">
     <span class='ocr_line' id='line_1_42' title="bbox 4102 854 4184 907; baseline 0 0"><span class='ocrx_word' id='word_1_390' title='bbox 4102 854 4184 907; x_wconf 77' lang='lat'><strong>50</strong></span> 
     </span>
    </p>
   </div>
   <div class='ocr_carea' id='block_1_22' title="bbox 4103 1071 4292 1153">
    <p class='ocr_par' dir='ltr' id='par_1_22' title="bbox 4103 1071 4292 1153">
     <span class='ocr_line' id='line_1_43' title="bbox 4103 1071 4292 1153; baseline -0.005 -30"><span class='ocrx_word' id='word_1_391' title='bbox 4103 1071 4292 1153; x_wconf 48' lang='lat'><strong>51·</strong></span> 
     </span>
    </p>
   </div>
   <div class='ocr_carea' id='block_1_23' title="bbox 4106 1288 4186 1343">
    <p class='ocr_par' dir='ltr' id='par_1_23' title="bbox 4106 1288 4186 1343">
     <span class='ocr_line' id='line_1_44' title="bbox 4106 1288 4186 1343; baseline 0.025 -2"><span class='ocrx_word' id='word_1_392' title='bbox 4106 1288 4186 1343; x_wconf 68' lang='lat'><strong>54</strong></span> 
     </span>
    </p>
   </div>
   <div class='ocr_carea' id='block_1_24' title="bbox 4108 1602 4188 1658">
    <p class='ocr_par' dir='ltr' id='par_1_24' title="bbox 4108 1602 4188 1658">
     <span class='ocr_line' id='line_1_45' title="bbox 4108 1602 4188 1658; baseline 0.013 -1"><span class='ocrx_word' id='word_1_393' title='bbox 4108 1602 4188 1658; x_wconf 73' lang='lat'><strong>81</strong></span> 
     </span>
    </p>
   </div>
   <div class='ocr_carea' id='block_1_25' title="bbox 4117 2644 4194 2700">
    <p class='ocr_par' dir='ltr' id='par_1_25' title="bbox 4117 2644 4194 2700">
     <span class='ocr_line' id='line_1_46' title="bbox 4117 2644 4194 2700; baseline 0 0"><span class='ocrx_word' id='word_1_394' title='bbox 4117 2644 4194 2700; x_wconf 75' lang='grc' dir='ltr'><strong>’Π</strong></span> 
     </span>
    </p>
   </div>
   <div class='ocr_carea' id='block_1_26' title="bbox 4115 3153 4194 3207">
    <p class='ocr_par' dir='ltr' id='par_1_26' title="bbox 4115 3153 4194 3207">
     <span class='ocr_line' id='line_1_47' title="bbox 4115 3153 4194 3207; baseline -0.013 0"><span class='ocrx_word' id='word_1_395' title='bbox 4115 3153 4194 3207; x_wconf 82' lang='grc'><strong>80</strong></span> 
     </span>
    </p>
   </div>
   <div class='ocr_carea' id='block_1_27' title="bbox 4115 3272 4203 3425">
    <p class='ocr_par' dir='ltr' id='par_1_27' title="bbox 4115 3272 4203 3425">
     <span class='ocr_line' id='line_1_48' title="bbox 4115 3272 4203 3329; baseline -0.045 0"><span class='ocrx_word' id='word_1_396' title='bbox 4115 3272 4203 3329; x_wconf 70' lang='lat' dir='ltr'><strong>ot</strong></span> 
     </span>
     <span class='ocr_line' id='line_1_49' title="bbox 4117 3369 4200 3425; baseline -0.024 0"><span class='ocrx_word' id='word_1_397' title='bbox 4117 3369 4200 3425; x_wconf 71' lang='lat'><strong>94</strong></span> 
     </span>
    </p>
   </div>
   <div class='ocr_carea' id='block_1_28' title="bbox 4120 3685 4200 3741">
    <p class='ocr_par' dir='ltr' id='par_1_28' title="bbox 4120 3685 4200 3741">
     <span class='ocr_line' id='line_1_50' title="bbox 4120 3685 4200 3741; baseline -0.063 0"><span class='ocrx_word' id='word_1_398' title='bbox 4120 3685 4200 3741; x_wconf 77' lang='lat'><strong>95</strong></span> 
     </span>
    </p>
   </div>
   <div class='ocr_carea' id='block_1_29' title="bbox 3982 4380 4201 4440">
    <p class='ocr_par' dir='ltr' id='par_1_29' title="bbox 3982 4380 4201 4440">
     <span class='ocr_line' id='line_1_51' title="bbox 3982 4380 4201 4440; baseline -0.027 0"><span class='ocrx_word' id='word_1_399' title='bbox 3982 4421 4001 4440; x_wconf 89' lang='lat'><strong>.</strong></span> <span class='ocrx_word' id='word_1_400' title='bbox 4081 4380 4201 4438; x_wconf 81' lang='lat'><strong>1⁰1</strong></span> 
     </span>
    </p>
   </div>
   <div class='ocr_carea' id='block_1_30' title="bbox 3976 4599 4199 4664">
    <p class='ocr_par' dir='ltr' id='par_1_30' title="bbox 3976 4599 4199 4664">
     <span class='ocr_line' id='line_1_52' title="bbox 3976 4599 4199 4664; baseline -0.045 1"><span class='ocrx_word' id='word_1_401' title='bbox 3976 4599 4199 4664; x_wconf 73' lang='lat'><strong>.11³</strong></span> 
     </span>
    </p>
   </div>
   <div class='ocr_carea' id='block_1_31' title="bbox 4761 3322 4773 4134">
    <p class='ocr_par' dir='ltr' id='par_1_31' title="bbox 4761 3322 4773 4134">
     <span class='ocr_line' id='line_1_53' title="bbox 4761 3322 4773 4134; baseline 0 0"><span class='ocrx_word' id='word_1_402' title='bbox 4761 3322 4773 4134; x_wconf 95' lang='lat' dir='ltr'><strong> </strong></span> 
     </span>
    </p>
   </div>
  </div>
 </body>
</html>
