4773 5892
1556 1617 2683 1754 INDEX·

862 1842 1273 1929 RERVM
1323 1844 1437 1913 IN
1485 1843 1722 1917 Hoc
1771 1842 2383 1917 VOLVMINE
2438 1829 3342 1912 CONTENTARVM.
3423 1870 3464 1944 *-

3513 2190 3640 2249 pag.

573 2300 809 2372 Seclio
848 2299 913 2375 Ι.
1020 2300 1140 2371 De
1166 2278 1169 2279 ἡ
1194 2278 1742 2396 αεςηαίἱοτῖἰόειε
1788 2298 2405 2401 differentialibus
2441 2284 2710 2370 molaria
2753 2291 3162 2389 systematis
3204 2288 3439 2357 cuius-

794 2408 1104 2518 Ιωηῖωῗ
1172 2450 1554 2522 Cm‘I'mm
1625 2427 2046 2501 attractiom·
2095 2427 2512 2521 reciprocae
2560 2422 3035 2496 subiectorum
3084 2414 3441 2513 definien-

826 2551 1017 2622 tibus
1098 2602 2706 2624 ..............
2717 2584 2720 2591 ·
2813 2591 3438 2615 ......
3439 2548 3444 2551 ’
3597 2534 3637 2599 l

652 2695 807 2756 Artt.
836 2701 875 2752 1
904 2705 964 2754 et
988 2702 1048 2758 2.
1130 2696 1522 2772 Aequationes
1554 2682 1817 2758 motuum
1860 2693 2180 2771 systematis
2222 2694 2692 2774 corpusculorum
2733 2692 2845 2777 legi
2885 2686 3278 2775 gravitationis
3322 2685 3446 2747 uni-

770 2788 1005 2852 versalis
1053 2790 1461 2853 Newtonianae
1501 2792 1894 2854 subiectorum
1937 2791 2357 2875 investigantur
2427 2839 2444 2854 .
2567 2838 2583 2855 .
2710 2838 2729 2883 .
2852 2837 2870 2856 .
2998 2835 3016 2854 .
3140 2834 3159 2851 .
3286 2833 3303 2849 .
3433 2830 3450 2846 ·
3610 2787 3672 2835 l*

649 2911 811 2979 Artt..
835 2919 895 2980 3.
938 2920 999 2980 4.
1042 2920 1103 2980 5.
1188 2913 1582 2993 Aequationes
1624 2896 2049 2978 motuum-tam
2091 2913 2484 2977 absolutorum
2525 2922 2695 2992 quam
2738 2910 3138 2984 relativorum,
3179 2927 3320 2986 quae
3363 2905 3443 2965 lo·

768 3031 899 3070 cum
939 3008 1192 3086 habent,
1250 3010 1301 3071 si
1341 3013 1675 3092 corpuscula
1716 3013 1776 3073 in
1818 3033 2051 3092 corpora
2094 3013 2518 3075 dimensionum
2558 3010 2852 3074 finitarum
2891 3007 3143 3081 abeunt,
3212 3003 3450 3083 investi-

777 3104 3649 3188 gantur.‚..............,.-3

540 3215 545 3220 ’
658 3229 812 3287 Artt.
860 3205 1069 3294 6-9.
1152 3201 1550 3306 Ᾰεᾳυέῑίοηξε
1604 3233 1667 3292 in
1724 3232 2013 3312 prioribus
2055 3232 2323 3293 inventae
2367 3232 2441 3292 ad
2481 3251 2676 3293 casum
2714 3229 3173 3309 restringuntur,
3232 3225 3293 3284 in
3331 3246 3447 3299 quo

694 3363 699 3370 -
770 3343 1073 3402 corporum
1113 3323 1505 3391 dimensiones·
1540 3340 1806 3407 respectu
1847 3350 2047 3391 eorum
2088 3326 2508 3389 distantiarum‘
2527 3338 2856 3386 mutuarum
2903 3321 3276 3401 perparvulae
3321 3331 3453 3381 sunt
3612 3325 3651 3375 9

657 3448 814 3505 Artt.
848 3422 1137 3508 10—12.
1216 3447 1531 3508 Methodus
1572 3458 1709 3508 nota
1753 3444 2078 3507 variationis
2121 3442 2507 3508 constantium
2548 3442 2971 3510 arbitrariarum
3002 3455 3269 3517 eatenus,
3310 3462 3450 3518 qua—

773 3551 945 3598 tenus
986 3539 1059 3597 ad
1102 3539 1470 3615 aequationes
1512 3541 1573 3602 in
1612 3541 2085 3621 praecedentibus
2126 3540 2389 3602 inventas
2429 3539 2747 3601 adhibenda
2790 3553 2899 3616 est,
2941 3539 3251 3618 explicatur
3293 3588 3310 3607 .
3437 3584 3452 3598 .
3577 3546 3656 3596 16

657 3661 811 3722 Ar'tt.
837 3666 1008 3738 laet
1039 3666 1141 3742 lfl.
1208 3659 1549 3740 ‘Theorema
1592 3663 2050 3738 demonstratur,
2092 3682 2207 3738 quo
2247 3659 2525 3722 methodo
2565 3661 2896 3725 variationis
2934 3661 3319 3725 constantium
3361 3683 3456 3721 ar-

780 3753 1477 3836 bitrariammapplicatio
1512 3759 1836 3841 generalior
1873 3770 2033 3838 patet
2156 3801 2174 3818 .
2297 3804 2317 3824 .
2445 3801 2463 3819 .
2584 3808 2603 3827 .
2726 3803 2745 3823 .
2869 3807 2889 3827 .
3010 3808 3030 3828 .
3152 3808 3174 3827 .
3297 3803 3314 3822 .
3439 3805 3456 3822 .
3575 3764 3651 3814 ‘21

656 3878 813 3944 Artt.
850 3884 1140 3940 15—19.
1221 3877 1538 3948 Methodus
1591 3879 1876 3962 generalis
1931 3881 2068 3944 baec
2123 3879 2199 3942 ad
2252 3878 2620 3956 aequationes
2681 3879 3085 3944 differentiales
3123 3881 3186 3942 in
3224 3900 3454 3959 praece·

769 3973 1040 4035 dentibus
1080 3973 1342 4037 inventas
1381 3975 1696 4056 applicatur
1872 4024 1892 4044 .
2016 4020 2036 4038 .
2153 4021 2177 4041 .
2300 4019 2319 4036 .
2445 4019 2465 4037 .
2588 4021 2610 4037 0
2725 4026 2745 4046 .
2869 4025 2885 4042 .
3008 4023 3027 4040 .
3153 4027 3172 4044 ,
3297 4025 3314 4038 .
3438 4022 3452 4036 .
3577 3985 3650 4034 27

579 4132 816 4205 Sentio
863 4130 972 4202 II.
1072 4118 1773 4227 Bisquisitiones‘de
1824 4113 2368 4231 aquationibus
2420 4140 2640 4212 motui
2689 4140 2947 4210 Lunae
2995 4139 3448 4232 investigan-

828 4259 926 4330 do
974 4259 1520 4334 inservientibus
1586 4310 2231 4332 .......
2276 4301 2281 4305 ·
2332 4314 3447 4333 ..........
3553 4261 3653 4328 38

596 4423 603 4432 “
657 4413 788 4474 Art.
822 4421 883 4477 1.
924 4413 1339 4490 ‘Aequationes
1377 4426 1599 4476 motum
1620 4412 1824 4477 Lunae
1845 4414 2185 4477 definientes
2205 4436 2238 4478 e
2269 4414 2739 4494 praecedentibus
2770 4416 3066 4478 desumtae
3097 4429 3461 4495 exponuntur
3577 4422 3656 4472 38

662 4534 812 4600 Arte.
838 4538 1046 4600 2—6.
1127 4534 1437 4597 Methodus
1476 4531 1797 4612 peculiaris,
1837 4554 1947 4611 qua
1987 4534 2225 4596 termini
2259 4555 2364 4615 per
2389 4547 2618 4615 tempus
2653 4533 2841 4614 ipsum
2869 4534 3249 4614 multiplicati,
3289 4537 3454 4599 dum·

780 4629 950 4690 modo
988 4629 1422 4693 inclinationum
1463 4652 1582 4692 non
1621 4628 1900 4693 habeatur
1943 4631 2127 4708 ratio,
2182 4653 2251 4694 ex
2309 4621 2685 4715 integralibus
2723 4634 3124 4711 aequationum
3169 4633 3452 4712 exposita-

778 4745 909 4787 tum
943 4725 1261 4805 tolluntur,
1302 4726 1607 4808 exponitur
1728 4772 1748 4792 .
1866 4772 1890 4818 Ἴ.
2012 4778 2035 4796 .
2158 4775 2181 4790 .
2302 4775 2319 4789 .
2442 4776 2459 4792 .
2585 4775 2603 4792 .
2727 4775 2743 4790 .
2870 4779 2888 4797 .
3013 4780 3031 4796 .
3156 4778 3170 4792 .
3295 4775 3311 4791 .
3435 4776 3456 4790 .
3574 4735 3652 4786 39
