<?xml version="1.0" encoding="UTF-8"?>
<!DOCTYPE html PUBLIC "-//W3C//DTD XHTML 1.0 Transitional//EN"
    "http://www.w3.org/TR/xhtml1/DTD/xhtml1-transitional.dtd">
<html xmlns="http://www.w3.org/1999/xhtml" xml:lang="en" lang="en">
 <head>
  <title>
</title>
<meta http-equiv="Content-Type" content="text/html;charset=utf-8" />
  <meta name='ocr-system' content='tesseract 3.04.00' />
  <meta name='ocr-capabilities' content='ocr_page ocr_carea ocr_par ocr_line ocrx_word'/>
</head>
<body>
  <div class='ocr_page' id='page_1' title='image "./fvndamentanovai01hansgoog_0013.png"; bbox 0 0 4773 5892; ppageno 0'>
   <div class='ocr_carea' id='block_1_1' title="bbox 620 438 3683 4543">
    <p class='ocr_par' dir='ltr' id='par_1_1' title="bbox 620 438 3683 4543">
     <span class='ocr_line' id='line_1_1' title="bbox 2075 438 2209 497; baseline 0 0"><span class='ocrx_word' id='word_1_1' title='bbox 2075 438 2209 497; x_wconf 84' lang='lat' dir='ltr'><strong>vll</strong></span> 
     </span>
     <span class='ocr_line' id='line_1_2' title="bbox 633 619 3668 741; baseline -0.002 -34"><span class='ocrx_word' id='word_1_2' title='bbox 633 661 792 707; x_wconf 85' lang='lat' dir='ltr'><strong>num</strong></span> <span class='ocrx_word' id='word_1_3' title='bbox 824 634 1187 706; x_wconf 74' lang='lat' dir='ltr'><strong>methodus</strong></span> <span class='ocrx_word' id='word_1_4' title='bbox 1217 631 1587 724; x_wconf 77' lang='lat' dir='ltr'><strong>praecipue</strong></span> <span class='ocrx_word' id='word_1_5' title='bbox 1616 652 1700 699; x_wconf 89' lang='lat' dir='ltr'><strong>eo</strong></span> <span class='ocrx_word' id='word_1_6' title='bbox 1742 631 2045 741; x_wconf 86' lang='lat' dir='ltr'><strong>consistit</strong></span> <span class='ocrx_word' id='word_1_7' title='bbox 2060 681 2080 717; x_wconf 98' lang='lat'><strong>,</strong></span> <span class='ocrx_word' id='word_1_8' title='bbox 2134 632 2318 720; x_wconf 91' lang='lat' dir='ltr'><strong>quod</strong></span> <span class='ocrx_word' id='word_1_9' title='bbox 2363 639 2633 724; x_wconf 86' lang='lat' dir='ltr'><strong>tempus</strong></span> <span class='ocrx_word' id='word_1_10' title='bbox 2654 680 2674 717; x_wconf 94' lang='lat'><strong>,</strong></span> <span class='ocrx_word' id='word_1_11' title='bbox 2723 630 2941 701; x_wconf 80' lang='lat' dir='ltr'><strong>unitas</strong></span> <span class='ocrx_word' id='word_1_12' title='bbox 2975 655 3102 724; x_wconf 89' lang='lat' dir='ltr'><strong>per</strong></span> <span class='ocrx_word' id='word_1_13' title='bbox 3149 619 3411 702; x_wconf 80' lang='lat' dir='ltr'><strong>radium</strong></span> <span class='ocrx_word' id='word_1_14' title='bbox 3439 643 3668 702; x_wconf 90' lang='lat' dir='ltr'><strong>vecto-</strong></span> 
     </span>
     <span class='ocr_line' id='line_1_3' title="bbox 632 785 3668 880; baseline -0.002 -20"><span class='ocrx_word' id='word_1_15' title='bbox 632 814 775 860; x_wconf 89' lang='lat' dir='ltr'><strong>rem</strong></span> <span class='ocrx_word' id='word_1_16' title='bbox 802 791 889 858; x_wconf 88' lang='lat' dir='ltr'><strong>ad</strong></span> <span class='ocrx_word' id='word_1_17' title='bbox 930 789 1316 880; x_wconf 82' lang='lat' dir='ltr'><strong>eclipticam</strong></span> <span class='ocrx_word' id='word_1_18' title='bbox 1345 786 1721 877; x_wconf 90' lang='lat' dir='ltr'><strong>proiectum</strong></span> <span class='ocrx_word' id='word_1_19' title='bbox 1750 785 1967 852; x_wconf 89' lang='lat' dir='ltr'><strong>divisa</strong></span> <span class='ocrx_word' id='word_1_20' title='bbox 1993 792 2062 853; x_wconf 88' lang='lat' dir='ltr'><strong>et</strong></span> <span class='ocrx_word' id='word_1_21' title='bbox 2089 792 2374 878; x_wconf 86' lang='lat' dir='ltr'><strong>tangens</strong></span> <span class='ocrx_word' id='word_1_22' title='bbox 2411 786 2783 854; x_wconf 83' lang='lat' dir='ltr'><strong>latitudinis</strong></span> <span class='ocrx_word' id='word_1_23' title='bbox 2799 812 2803 816; x_wconf 90' lang='lat'>·</span> <span class='ocrx_word' id='word_1_24' title='bbox 2822 808 3051 855; x_wconf 85' lang='lat' dir='ltr'><strong>versus</strong></span> <span class='ocrx_word' id='word_1_25' title='bbox 3095 786 3478 877; x_wconf 83' lang='lat' dir='ltr'>eclipticam</span> <span class='ocrx_word' id='word_1_26' title='bbox 3516 790 3668 853; x_wconf 90' lang='lat' dir='ltr'><strong>tan-</strong></span> 
     </span>
     <span class='ocr_line' id='line_1_4' title="bbox 634 937 3669 1035; baseline -0.002 -23"><span class='ocrx_word' id='word_1_27' title='bbox 634 965 839 1035; x_wconf 86' lang='lat' dir='ltr'><strong>quam</strong></span> <span class='ocrx_word' id='word_1_28' title='bbox 888 943 1266 1011; x_wconf 80' lang='lat' dir='ltr'><strong>functiones</strong></span> <span class='ocrx_word' id='word_1_29' title='bbox 1314 938 1756 1031; x_wconf 85' lang='lat' dir='ltr'><strong>longitudinis</strong></span> <span class='ocrx_word' id='word_1_30' title='bbox 1799 960 2001 1006; x_wconf 89' lang='lat' dir='ltr'><strong>verae</strong></span> <span class='ocrx_word' id='word_1_31' title='bbox 2041 937 2133 1007; x_wconf 90' lang='lat' dir='ltr'><strong>ad</strong></span> <span class='ocrx_word' id='word_1_32' title='bbox 2161 939 2549 1030; x_wconf 80' lang='lat' dir='ltr'><strong>eclipticam</strong></span> <span class='ocrx_word' id='word_1_33' title='bbox 2583 941 2930 1031; x_wconf 91' lang='lat' dir='ltr'><strong>proiectae</strong></span> <span class='ocrx_word' id='word_1_34' title='bbox 2968 938 3386 1007; x_wconf 83' lang='lat' dir='ltr'><strong>exhibentur.</strong></span> <span class='ocrx_word' id='word_1_35' title='bbox 3487 939 3669 1007; x_wconf 92' lang='lat' dir='ltr'><strong>Hinc</strong></span> 
     </span>
     <span class='ocr_line' id='line_1_5' title="bbox 632 1091 3683 1183; baseline -0.003 -15"><span class='ocrx_word' id='word_1_36' title='bbox 632 1120 796 1168; x_wconf 89' lang='lat' dir='ltr'><strong>vero</strong></span> <span class='ocrx_word' id='word_1_37' title='bbox 848 1098 1103 1165; x_wconf 87' lang='lat' dir='ltr'><strong>factum</strong></span> <span class='ocrx_word' id='word_1_38' title='bbox 1138 1103 1275 1179; x_wconf 87' lang='lat' dir='ltr'><strong>est,</strong></span> <span class='ocrx_word' id='word_1_39' title='bbox 1322 1100 1398 1160; x_wconf 90' lang='lat' dir='ltr'><strong>ut</strong></span> <span class='ocrx_word' id='word_1_40' title='bbox 1441 1091 1873 1160; x_wconf 87' lang='lat' dir='ltr'><strong>coordinatae</strong></span> <span class='ocrx_word' id='word_1_41' title='bbox 1906 1092 2087 1161; x_wconf 90' lang='lat' dir='ltr'><strong>Solis</strong></span> <span class='ocrx_word' id='word_1_42' title='bbox 2104 1143 2123 1178; x_wconf 92' lang='lat'><strong>,</strong></span> <span class='ocrx_word' id='word_1_43' title='bbox 2176 1106 2350 1183; x_wconf 85' lang='lat' dir='ltr'><strong>quae</strong></span> <span class='ocrx_word' id='word_1_44' title='bbox 2391 1094 2666 1182; x_wconf 90' lang='lat' dir='ltr'><strong>quidem</strong></span> <span class='ocrx_word' id='word_1_45' title='bbox 2686 1143 2706 1180; x_wconf 99' lang='lat'><strong>,</strong></span> <span class='ocrx_word' id='word_1_46' title='bbox 2758 1102 3081 1183; x_wconf 88' lang='lat' dir='ltr'><strong>quatenus</strong></span> <span class='ocrx_word' id='word_1_47' title='bbox 3117 1094 3188 1161; x_wconf 90' lang='lat' dir='ltr'><strong>in</strong></span> <span class='ocrx_word' id='word_1_48' title='bbox 3219 1101 3408 1162; x_wconf 90' lang='lat' dir='ltr'><strong>motu</strong></span> <span class='ocrx_word' id='word_1_49' title='bbox 3434 1093 3683 1161; x_wconf 88' lang='lat' dir='ltr'><strong>Lunae·</strong></span> 
     </span>
     <span class='ocr_line' id='line_1_6' title="bbox 633 1246 3666 1338; baseline -0.003 -17"><span class='ocrx_word' id='word_1_50' title='bbox 633 1253 769 1321; x_wconf 84' lang='lat' dir='ltr'><strong>vim</strong></span> <span class='ocrx_word' id='word_1_51' title='bbox 828 1249 1104 1335; x_wconf 89' lang='lat' dir='ltr'><strong>habent,</strong></span> <span class='ocrx_word' id='word_1_52' title='bbox 1156 1246 1618 1337; x_wconf 82' lang='lat' dir='ltr'><strong>expressiones</strong></span> <span class='ocrx_word' id='word_1_53' title='bbox 1664 1269 1868 1336; x_wconf 90' lang='lat' dir='ltr'><strong>quam</strong></span> <span class='ocrx_word' id='word_1_54' title='bbox 1917 1246 2450 1337; x_wconf 83' lang='lat' dir='ltr'><strong>simplicissimae</strong></span> <span class='ocrx_word' id='word_1_55' title='bbox 2502 1257 2654 1317; x_wconf 88' lang='lat' dir='ltr'><strong>sunt</strong></span> <span class='ocrx_word' id='word_1_56' title='bbox 2671 1296 2690 1333; x_wconf 92' lang='lat'><strong>,</strong></span> <span class='ocrx_word' id='word_1_57' title='bbox 2753 1269 2880 1338; x_wconf 91' lang='lat' dir='ltr'><strong>per</strong></span> <span class='ocrx_word' id='word_1_58' title='bbox 2936 1246 3431 1338; x_wconf 84' lang='lat' dir='ltr'><strong>longitudinem</strong></span> <span class='ocrx_word' id='word_1_59' title='bbox 3475 1246 3666 1313; x_wconf 87' lang='lat' dir='ltr'><strong>illam</strong></span> 
     </span>
     <span class='ocr_line' id='line_1_7' title="bbox 635 1374 3667 1494; baseline -0.002 -23"><span class='ocrx_word' id='word_1_60' title='bbox 635 1403 869 1471; x_wconf 89' lang='lat' dir='ltr'><strong>Lunae</strong></span> <span class='ocrx_word' id='word_1_61' title='bbox 912 1398 1389 1494; x_wconf 79' lang='lat' dir='ltr'><strong>exprimendae</strong></span> <span class='ocrx_word' id='word_1_62' title='bbox 1430 1401 1583 1486; x_wconf 89' lang='lat' dir='ltr'><strong>sint,</strong></span> <span class='ocrx_word' id='word_1_63' title='bbox 1632 1400 1815 1469; x_wconf 88' lang='lat' dir='ltr'><strong>unde</strong></span> <span class='ocrx_word' id='word_1_64' title='bbox 1852 1399 2139 1467; x_wconf 86' lang='lat' dir='ltr'><strong>formam</strong></span> <span class='ocrx_word' id='word_1_65' title='bbox 2186 1401 2554 1470; x_wconf 87' lang='lat' dir='ltr'><strong>admodum</strong></span> <span class='ocrx_word' id='word_1_66' title='bbox 2591 1374 2994 1492; x_wconf 77' lang='lat' dir='ltr'><strong>implicitam</strong></span> <span class='ocrx_word' id='word_1_67' title='bbox 3039 1401 3413 1491; x_wconf 85' lang='lat' dir='ltr'><strong>accipiunt3</strong></span> <span class='ocrx_word' id='word_1_68' title='bbox 3461 1420 3667 1490; x_wconf 88' lang='lat' dir='ltr'><strong>prae-</strong></span> 
     </span>
     <span class='ocr_line' id='line_1_8' title="bbox 630 1551 3658 1646; baseline -0.002 -23"><span class='ocrx_word' id='word_1_69' title='bbox 630 1567 816 1624; x_wconf 89' lang='lat' dir='ltr'><strong>terea</strong></span> <span class='ocrx_word' id='word_1_70' title='bbox 835 1604 854 1639; x_wconf 93' lang='lat'><strong>,</strong></span> <span class='ocrx_word' id='word_1_71' title='bbox 926 1555 1430 1646; x_wconf 89' lang='lat' dir='ltr'><strong>computatione</strong></span> <span class='ocrx_word' id='word_1_72' title='bbox 1476 1554 2056 1645; x_wconf 83' lang='lat' dir='ltr'><strong>perturbationum</strong></span> <span class='ocrx_word' id='word_1_73' title='bbox 2093 1563 2406 1646; x_wconf 89' lang='lat' dir='ltr'><strong>peracta,</strong></span> <span class='ocrx_word' id='word_1_74' title='bbox 2458 1556 2695 1641; x_wconf 88' lang='lat' dir='ltr'><strong>series,</strong></span> <span class='ocrx_word' id='word_1_75' title='bbox 2748 1577 2920 1643; x_wconf 91' lang='lat' dir='ltr'><strong>quae</strong></span> <span class='ocrx_word' id='word_1_76' title='bbox 2961 1562 3231 1644; x_wconf 89' lang='lat' dir='ltr'><strong>tempus</strong></span> <span class='ocrx_word' id='word_1_77' title='bbox 3273 1574 3401 1644; x_wconf 87' lang='lat' dir='ltr'><strong>per</strong></span> <span class='ocrx_word' id='word_1_78' title='bbox 3438 1551 3658 1642; x_wconf 87' lang='lat' dir='ltr'><strong>longi-</strong></span> 
     </span>
     <span class='ocr_line' id='line_1_9' title="bbox 631 1666 3665 1800; baseline -0.003 -23"><span class='ocrx_word' id='word_1_79' title='bbox 631 1708 935 1777; x_wconf 91' lang='lat' dir='ltr'><strong>tudinem</strong></span> <span class='ocrx_word' id='word_1_80' title='bbox 966 1708 1157 1775; x_wconf 90' lang='lat' dir='ltr'><strong>illam</strong></span> <span class='ocrx_word' id='word_1_81' title='bbox 1189 1666 1584 1799; x_wconf 79' lang='lat' dir='ltr'><strong>expressum</strong></span> <span class='ocrx_word' id='word_1_82' title='bbox 1614 1707 2042 1800; x_wconf 87' lang='lat' dir='ltr'><strong>suppeditat,</strong></span> <span class='ocrx_word' id='word_1_83' title='bbox 2095 1708 2490 1777; x_wconf 84' lang='lat' dir='ltr'><strong>revertenda</strong></span> <span class='ocrx_word' id='word_1_84' title='bbox 2507 1758 2526 1795; x_wconf 91' lang='lat'><strong>,</strong></span> <span class='ocrx_word' id='word_1_85' title='bbox 2547 1712 2646 1777; x_wconf 82' lang='lat' dir='ltr'><strong>‘et</strong></span> <span class='ocrx_word' id='word_1_86' title='bbox 2677 1709 2748 1775; x_wconf 92' lang='lat' dir='ltr'><strong>in</strong></span> <span class='ocrx_word' id='word_1_87' title='bbox 2791 1707 3084 1776; x_wconf 85' lang='lat' dir='ltr'><strong>seriebus</strong></span> <span class='ocrx_word' id='word_1_88' title='bbox 3127 1704 3665 1799; x_wconf 85' lang='lat' dir='ltr'><strong>perturbationes</strong></span> 
     </span>
     <span class='ocr_line' id='line_1_10' title="bbox 630 1857 3665 1954; baseline -0.001 -26"><span class='ocrx_word' id='word_1_89' title='bbox 630 1861 1041 1950; x_wconf 87' lang='lat' dir='ltr'><strong>reliquarum</strong></span> <span class='ocrx_word' id='word_1_90' title='bbox 1097 1861 1634 1930; x_wconf 89' lang='lat' dir='ltr'><strong>coordinatarum</strong></span> <span class='ocrx_word' id='word_1_91' title='bbox 1692 1860 2159 1929; x_wconf 79' lang='lat' dir='ltr'><strong>exhibentibus</strong></span> <span class='ocrx_word' id='word_1_92' title='bbox 2220 1861 2375 1928; x_wconf 91' lang='lat' dir='ltr'><strong>loco</strong></span> <span class='ocrx_word' id='word_1_93' title='bbox 2417 1862 2600 1930; x_wconf 71' lang='lat' dir='ltr'><strong>&#39;illius</strong></span> <span class='ocrx_word' id='word_1_94' title='bbox 2660 1860 3099 1954; x_wconf 83' lang='lat' dir='ltr'><strong>longitudinis</strong></span> <span class='ocrx_word' id='word_1_95' title='bbox 3143 1859 3484 1951; x_wconf 81' lang='lat' dir='ltr'><strong>expressio</strong></span> <span class='ocrx_word' id='word_1_96' title='bbox 3527 1857 3665 1925; x_wconf 87' lang='lat' dir='ltr'><strong>eius</strong></span> 
     </span>
     <span class='ocr_line' id='line_1_11' title="bbox 627 2013 3668 2107; baseline -0.002 -24"><span class='ocrx_word' id='word_1_97' title='bbox 627 2034 754 2106; x_wconf 89' lang='lat' dir='ltr'><strong>per</strong></span> <span class='ocrx_word' id='word_1_98' title='bbox 799 2024 1065 2106; x_wconf 87' lang='lat' dir='ltr'><strong>tempus</strong></span> <span class='ocrx_word' id='word_1_99' title='bbox 1110 2014 1569 2084; x_wconf 87' lang='lat' dir='ltr'><strong>substituenda</strong></span> <span class='ocrx_word' id='word_1_100' title='bbox 1616 2022 1736 2084; x_wconf 88' lang='lat' dir='ltr'><strong>est.</strong></span> <span class='ocrx_word' id='word_1_101' title='bbox 1839 2013 2033 2097; x_wconf 81' lang='lat' dir='ltr'><strong>Quae</strong></span> <span class='ocrx_word' id='word_1_102' title='bbox 2064 2015 2481 2083; x_wconf 88' lang='lat' dir='ltr'><strong>conditiones</strong></span> <span class='ocrx_word' id='word_1_103' title='bbox 2508 2015 3090 2107; x_wconf 87' lang='lat' dir='ltr'><strong>perturbationum</strong></span> <span class='ocrx_word' id='word_1_104' title='bbox 3115 2013 3350 2082; x_wconf 90' lang='lat' dir='ltr'><strong>Lunae</strong></span> <span class='ocrx_word' id='word_1_105' title='bbox 3382 2032 3668 2101; x_wconf 89' lang='lat' dir='ltr'><strong>compu-</strong></span> 
     </span>
     <span class='ocr_line' id='line_1_12' title="bbox 629 2124 3666 2260; baseline -0.001 -26"><span class='ocrx_word' id='word_1_106' title='bbox 629 2168 916 2235; x_wconf 88' lang='lat' dir='ltr'><strong>tationes</strong></span> <span class='ocrx_word' id='word_1_107' title='bbox 965 2168 1333 2236; x_wconf 89' lang='lat' dir='ltr'><strong>secundum</strong></span> <span class='ocrx_word' id='word_1_108' title='bbox 1377 2168 1555 2236; x_wconf 90' lang='lat' dir='ltr'><strong>hanc</strong></span> <span class='ocrx_word' id='word_1_109' title='bbox 1597 2124 1998 2236; x_wconf 86' lang='lat' dir='ltr'><strong>methodum</strong></span> <span class='ocrx_word' id='word_1_110' title='bbox 2045 2169 2202 2236; x_wconf 90' lang='lat' dir='ltr'><strong>satis</strong></span> <span class='ocrx_word' id='word_1_111' title='bbox 2238 2169 2480 2260; x_wconf 87' lang='lat' dir='ltr'><strong>longas</strong></span> <span class='ocrx_word' id='word_1_112' title='bbox 2505 2168 2819 2237; x_wconf 80' lang='lat' dir='ltr'><strong>reddunt.</strong></span> <span class='ocrx_word' id='word_1_113' title='bbox 2917 2168 3029 2234; x_wconf 89' lang='lat' dir='ltr'><strong>lll.</strong></span> <span class='ocrx_word' id='word_1_114' title='bbox 3060 2167 3467 2234; x_wconf 86' lang='lat' dir='ltr'><strong>Damoiseau</strong></span> <span class='ocrx_word' id='word_1_115' title='bbox 3504 2187 3666 2233; x_wconf 89' lang='lat' dir='ltr'><strong>evo-</strong></span> 
     </span>
     <span class='ocr_line' id='line_1_13' title="bbox 629 2310 3668 2412; baseline 0 -26"><span class='ocrx_word' id='word_1_116' title='bbox 629 2320 918 2388; x_wconf 89' lang='lat' dir='ltr'><strong>lutiones</strong></span> <span class='ocrx_word' id='word_1_117' title='bbox 951 2310 1319 2412; x_wconf 76' lang='lat' dir='ltr'><strong>analyticas</strong></span> <span class='ocrx_word' id='word_1_118' title='bbox 1355 2323 1442 2391; x_wconf 89' lang='lat' dir='ltr'><strong>ad</strong></span> <span class='ocrx_word' id='word_1_119' title='bbox 1471 2323 1784 2390; x_wconf 89' lang='lat' dir='ltr'><strong>ultimum</strong></span> <span class='ocrx_word' id='word_1_120' title='bbox 1811 2323 2018 2390; x_wconf 89' lang='lat' dir='ltr'><strong>finem</strong></span> <span class='ocrx_word' id='word_1_121' title='bbox 2058 2344 2197 2389; x_wconf 90' lang='lat' dir='ltr'><strong>non</strong></span> <span class='ocrx_word' id='word_1_122' title='bbox 2228 2321 2584 2411; x_wconf 81' lang='lat' dir='ltr'><strong>produxit,</strong></span> <span class='ocrx_word' id='word_1_123' title='bbox 2637 2319 2756 2387; x_wconf 88' lang='lat' dir='ltr'><strong>sed</strong></span> <span class='ocrx_word' id='word_1_124' title='bbox 2785 2318 3114 2388; x_wconf 90' lang='lat' dir='ltr'><strong>methodo</strong></span> <span class='ocrx_word' id='word_1_125' title='bbox 3145 2319 3668 2387; x_wconf 85' lang='lat' dir='ltr'><strong>coefficientium</strong></span> 
     </span>
     <span class='ocr_line' id='line_1_14' title="bbox 627 2470 3668 2564; baseline 0 -26"><span class='ocrx_word' id='word_1_126' title='bbox 627 2473 1297 2541; x_wconf 84' lang='lat' dir='ltr'><strong>indeterminatomm</strong></span> <span class='ocrx_word' id='word_1_127' title='bbox 1354 2475 1592 2543; x_wconf 90' lang='lat' dir='ltr'><strong>eadem</strong></span> <span class='ocrx_word' id='word_1_128' title='bbox 1608 2523 1626 2560; x_wconf 96' lang='lat'><strong>,</strong></span> <span class='ocrx_word' id='word_1_129' title='bbox 1709 2496 1843 2564; x_wconf 90' lang='lat' dir='ltr'><strong>qua</strong></span> <span class='ocrx_word' id='word_1_130' title='bbox 1907 2473 2005 2541; x_wconf 91' lang='lat' dir='ltr'><strong>ill.</strong></span> <span class='ocrx_word' id='word_1_131' title='bbox 2085 2470 2386 2540; x_wconf 87' lang='lat' dir='ltr'><strong>Clairaut</strong></span> <span class='ocrx_word' id='word_1_132' title='bbox 2439 2480 2510 2541; x_wconf 88' lang='lat' dir='ltr'><strong>et</strong></span> <span class='ocrx_word' id='word_1_133' title='bbox 2551 2472 2856 2564; x_wconf 89' lang='lat' dir='ltr'><strong>Laplace</strong></span> <span class='ocrx_word' id='word_1_134' title='bbox 2908 2473 3012 2540; x_wconf 90' lang='lat' dir='ltr'><strong>usi</strong></span> <span class='ocrx_word' id='word_1_135' title='bbox 3055 2480 3273 2556; x_wconf 89' lang='lat' dir='ltr'><strong>erant,</strong></span> <span class='ocrx_word' id='word_1_136' title='bbox 3344 2471 3668 2559; x_wconf 80' lang='lat' dir='ltr'><strong>adhibita,</strong></span> 
     </span>
     <span class='ocr_line' id='line_1_15' title="bbox 629 2625 3670 2718; baseline 0.001 -27"><span class='ocrx_word' id='word_1_137' title='bbox 629 2626 1060 2714; x_wconf 87' lang='lat' dir='ltr'><strong>aequationes</strong></span> <span class='ocrx_word' id='word_1_138' title='bbox 1090 2627 1329 2693; x_wconf 83' lang='lat' dir='ltr'><strong>mixtas</strong></span> <span class='ocrx_word' id='word_1_139' title='bbox 1361 2634 1524 2718; x_wconf 90' lang='lat' dir='ltr'><strong>post</strong></span> <span class='ocrx_word' id='word_1_140' title='bbox 1548 2626 1812 2694; x_wconf 87' lang='lat' dir='ltr'><strong>valores</strong></span> <span class='ocrx_word' id='word_1_141' title='bbox 1842 2627 2218 2693; x_wconf 86' lang='lat' dir='ltr'><strong>numericos</strong></span> <span class='ocrx_word' id='word_1_142' title='bbox 2267 2627 2749 2716; x_wconf 84' lang='lat' dir='ltr'><strong>quantitatum,</strong></span> <span class='ocrx_word' id='word_1_143' title='bbox 2802 2649 2966 2716; x_wconf 89' lang='lat' dir='ltr'><strong>quas</strong></span> <span class='ocrx_word' id='word_1_144' title='bbox 2995 2627 3373 2711; x_wconf 81' lang='lat' dir='ltr'><strong>continent,</strong></span> <span class='ocrx_word' id='word_1_145' title='bbox 3426 2625 3670 2694; x_wconf 86' lang='lat' dir='ltr'><strong>substi-</strong></span> 
     </span>
     <span class='ocr_line' id='line_1_16' title="bbox 626 2777 3670 2871; baseline -0 -27"><span class='ocrx_word' id='word_1_146' title='bbox 626 2786 808 2845; x_wconf 87' lang='lat' dir='ltr'><strong>tutos</strong></span> <span class='ocrx_word' id='word_1_147' title='bbox 870 2780 1168 2847; x_wconf 87' lang='lat' dir='ltr'><strong>resolvit.</strong></span> <span class='ocrx_word' id='word_1_148' title='bbox 1288 2779 1634 2863; x_wconf 81' lang='lat' dir='ltr'><strong>Quantum</strong></span> <span class='ocrx_word' id='word_1_149' title='bbox 1694 2779 1944 2847; x_wconf 89' lang='lat' dir='ltr'><strong>laboris</strong></span> <span class='ocrx_word' id='word_1_150' title='bbox 1999 2779 2172 2847; x_wconf 89' lang='lat' dir='ltr'><strong>haec</strong></span> <span class='ocrx_word' id='word_1_151' title='bbox 2214 2780 2656 2871; x_wconf 85' lang='lat' dir='ltr'><strong>problematis</strong></span> <span class='ocrx_word' id='word_1_152' title='bbox 2705 2779 2904 2849; x_wconf 87' lang='lat' dir='ltr'><strong>huius</strong></span> <span class='ocrx_word' id='word_1_153' title='bbox 2951 2779 3254 2847; x_wconf 89' lang='lat' dir='ltr'><strong>solvendi</strong></span> <span class='ocrx_word' id='word_1_154' title='bbox 3306 2777 3670 2846; x_wconf 88' lang='lat' dir='ltr'><strong>methodus</strong></span> 
     </span>
     <span class='ocr_line' id='line_1_17' title="bbox 624 2922 3670 3026; baseline -0.001 -28"><span class='ocrx_word' id='word_1_155' title='bbox 624 2933 1021 3023; x_wconf 85' lang='lat' dir='ltr'><strong>poposcerit</strong></span> <span class='ocrx_word' id='word_1_156' title='bbox 1067 2956 1151 3002; x_wconf 81' lang='lat' dir='ltr'><strong>ex</strong></span> <span class='ocrx_word' id='word_1_157' title='bbox 1198 2933 1765 3002; x_wconf 87' lang='lat' dir='ltr'><strong>commentatione</strong></span> <span class='ocrx_word' id='word_1_158' title='bbox 1807 2933 1908 3001; x_wconf 90' lang='lat' dir='ltr'><strong>ill.</strong></span> <span class='ocrx_word' id='word_1_159' title='bbox 1964 2932 2371 3002; x_wconf 88' lang='lat' dir='ltr'><strong>Damoiseau</strong></span> <span class='ocrx_word' id='word_1_160' title='bbox 2414 2934 2716 3026; x_wconf 89' lang='lat' dir='ltr'><strong>praemio</strong></span> <span class='ocrx_word' id='word_1_161' title='bbox 2752 2941 2987 3001; x_wconf 88' lang='lat' dir='ltr'><strong>ornata</strong></span> <span class='ocrx_word' id='word_1_162' title='bbox 3035 2940 3104 3000; x_wconf 93' lang='lat' dir='ltr'><strong>et</strong></span> <span class='ocrx_word' id='word_1_163' title='bbox 3142 2932 3214 2999; x_wconf 89' lang='lat' dir='ltr'><strong>in</strong></span> <span class='ocrx_word' id='word_1_164' title='bbox 3254 2931 3444 2999; x_wconf 88' lang='lat' dir='ltr'><strong>libri:</strong></span> <span class='ocrx_word' id='word_1_165' title='bbox 3508 2922 3670 2996; x_wconf 72' lang='lat' dir='ltr'><strong>Me-</strong></span> 
     </span>
     <span class='ocr_line' id='line_1_18' title="bbox 625 3081 3669 3178; baseline 0 -29"><span class='ocrx_word' id='word_1_166' title='bbox 625 3084 867 3151; x_wconf 89' lang='lat' dir='ltr'><strong>moires</strong></span> <span class='ocrx_word' id='word_1_167' title='bbox 916 3081 1264 3174; x_wconf 71' lang='lat' dir='ltr'><strong>presentes</strong></span> <span class='ocrx_word' id='word_1_168' title='bbox 1302 3111 1429 3178; x_wconf 86' lang='lat' dir='ltr'><strong>par</strong></span> <span class='ocrx_word' id='word_1_169' title='bbox 1471 3087 1688 3155; x_wconf 87' lang='lat' dir='ltr'><strong>divers</strong></span> <span class='ocrx_word' id='word_1_170' title='bbox 1735 3109 1969 3154; x_wconf 87' lang='lat' dir='ltr'><strong>savans</strong></span> <span class='ocrx_word' id='word_1_171' title='bbox 2002 3094 2128 3155; x_wconf 89' lang='lat' dir='ltr'><strong>etc.</strong></span> <span class='ocrx_word' id='word_1_172' title='bbox 2160 3087 2482 3155; x_wconf 89' lang='lat' dir='ltr'><strong>intitulati</strong></span> <span class='ocrx_word' id='word_1_173' title='bbox 2517 3086 2859 3156; x_wconf 88' lang='lat' dir='ltr'><strong>volumine</strong></span> <span class='ocrx_word' id='word_1_174' title='bbox 2892 3086 2955 3153; x_wconf 89' lang='lat'><strong>1·</strong></span> <span class='ocrx_word' id='word_1_175' title='bbox 2980 3087 3164 3177; x_wconf 75' lang='lat' dir='ltr'><strong>typis</strong></span> <span class='ocrx_word' id='word_1_176' title='bbox 3197 3108 3437 3153; x_wconf 81' lang='lat' dir='ltr'><strong>excusa</strong></span> <span class='ocrx_word' id='word_1_177' title='bbox 3460 3083 3669 3167; x_wconf 75' lang='lat' dir='ltr'><strong>videS,</strong></span> 
     </span>
     <span class='ocr_line' id='line_1_19' title="bbox 628 3206 3670 3330; baseline 0 -30"><span class='ocrx_word' id='word_1_178' title='bbox 628 3243 696 3301; x_wconf 90' lang='lat' dir='ltr'><strong>et</strong></span> <span class='ocrx_word' id='word_1_179' title='bbox 728 3243 963 3303; x_wconf 86' lang='lat' dir='ltr'><strong>auctor</strong></span> <span class='ocrx_word' id='word_1_180' title='bbox 995 3261 1154 3306; x_wconf 90' lang='lat' dir='ltr'><strong>sane</strong></span> <span class='ocrx_word' id='word_1_181' title='bbox 1190 3238 1439 3306; x_wconf 91' lang='lat' dir='ltr'><strong>laboris</strong></span> <span class='ocrx_word' id='word_1_182' title='bbox 1473 3239 1954 3330; x_wconf 88' lang='lat' dir='ltr'><strong>compendium</strong></span> <span class='ocrx_word' id='word_1_183' title='bbox 1988 3240 2112 3307; x_wconf 85' lang='lat' dir='ltr'><strong>sibi</strong></span> <span class='ocrx_word' id='word_1_184' title='bbox 2146 3263 2282 3307; x_wconf 89' lang='lat' dir='ltr'><strong>non</strong></span> <span class='ocrx_word' id='word_1_185' title='bbox 2312 3206 2836 3323; x_wconf 82' lang='lat' dir='ltr'><strong>conciliavisset,</strong></span> <span class='ocrx_word' id='word_1_186' title='bbox 2890 3239 2941 3305; x_wconf 91' lang='lat' dir='ltr'><strong>si</strong></span> <span class='ocrx_word' id='word_1_187' title='bbox 2979 3237 3391 3305; x_wconf 86' lang='lat' dir='ltr'><strong>evolutiones</strong></span> <span class='ocrx_word' id='word_1_188' title='bbox 3431 3233 3670 3324; x_wconf 75' lang='lat' dir='ltr'><strong>analy-</strong></span> 
     </span>
     <span class='ocr_line' id='line_1_20' title="bbox 625 3361 3673 3480; baseline 0.001 -28"><span class='ocrx_word' id='word_1_189' title='bbox 625 3385 786 3454; x_wconf 87' lang='lat' dir='ltr'><strong>ticas</strong></span> <span class='ocrx_word' id='word_1_190' title='bbox 840 3387 928 3454; x_wconf 89' lang='lat' dir='ltr'><strong>ad</strong></span> <span class='ocrx_word' id='word_1_191' title='bbox 975 3388 1284 3456; x_wconf 90' lang='lat' dir='ltr'><strong>ultimum</strong></span> <span class='ocrx_word' id='word_1_192' title='bbox 1328 3390 1535 3457; x_wconf 88' lang='lat' dir='ltr'><strong>finem</strong></span> <span class='ocrx_word' id='word_1_193' title='bbox 1585 3391 2031 3480; x_wconf 83' lang='lat' dir='ltr'><strong>perduxisset.</strong></span> <span class='ocrx_word' id='word_1_194' title='bbox 2133 3391 2244 3456; x_wconf 91' lang='lat' dir='ltr'><strong>Ill.</strong></span> <span class='ocrx_word' id='word_1_195' title='bbox 2291 3390 2507 3456; x_wconf 89' lang='lat' dir='ltr'><strong>Plana</strong></span> <span class='ocrx_word' id='word_1_196' title='bbox 2537 3392 2608 3456; x_wconf 91' lang='lat' dir='ltr'><strong>in</strong></span> <span class='ocrx_word' id='word_1_197' title='bbox 2634 3410 2845 3479; x_wconf 89' lang='lat' dir='ltr'><strong>opere</strong></span> <span class='ocrx_word' id='word_1_198' title='bbox 2878 3361 2997 3455; x_wconf 90' lang='lat' dir='ltr'><strong>suo</strong></span> <span class='ocrx_word' id='word_1_199' title='bbox 3028 3389 3115 3454; x_wconf 89' lang='lat' dir='ltr'><strong>de</strong></span> <span class='ocrx_word' id='word_1_200' title='bbox 3144 3388 3411 3454; x_wconf 90' lang='lat' dir='ltr'><strong>theoria</strong></span> <span class='ocrx_word' id='word_1_201' title='bbox 3437 3388 3673 3455; x_wconf 90' lang='lat' dir='ltr'><strong>Lunae</strong></span> 
     </span>
     <span class='ocr_line' id='line_1_21' title="bbox 625 3535 3674 3629; baseline 0.002 -29"><span class='ocrx_word' id='word_1_202' title='bbox 625 3539 1014 3625; x_wconf 87' lang='lat' dir='ltr'><strong>nuperrime</strong></span> <span class='ocrx_word' id='word_1_203' title='bbox 1062 3540 1252 3617; x_wconf 16' lang='lat' dir='ltr'><strong>,edito</strong></span> <span class='ocrx_word' id='word_1_204' title='bbox 1296 3540 1581 3605; x_wconf 86' lang='lat' dir='ltr'><strong>eandem</strong></span> <span class='ocrx_word' id='word_1_205' title='bbox 1620 3539 1765 3605; x_wconf 86' lang='lat' dir='ltr'><strong>fere</strong></span> <span class='ocrx_word' id='word_1_206' title='bbox 1807 3535 2209 3609; x_wconf 90' lang='lat' dir='ltr'><strong>methodum</strong></span> <span class='ocrx_word' id='word_1_207' title='bbox 2255 3538 2603 3627; x_wconf 87' lang='lat' dir='ltr'><strong>adhibuit,</strong></span> <span class='ocrx_word' id='word_1_208' title='bbox 2657 3538 3075 3608; x_wconf 83' lang='lat' dir='ltr'><strong>evolutiones</strong></span> <span class='ocrx_word' id='word_1_209' title='bbox 3116 3561 3275 3607; x_wconf 89' lang='lat' dir='ltr'><strong>vero</strong></span> <span class='ocrx_word' id='word_1_210' title='bbox 3308 3537 3674 3629; x_wconf 75' lang='lat' dir='ltr'><strong>analyticas</strong></span> 
     </span>
     <span class='ocr_line' id='line_1_22' title="bbox 623 3666 3674 3784; baseline 0.002 -33"><span class='ocrx_word' id='word_1_211' title='bbox 623 3707 835 3774; x_wconf 89' lang='lat' dir='ltr'><strong>usque</strong></span> <span class='ocrx_word' id='word_1_212' title='bbox 881 3687 969 3754; x_wconf 89' lang='lat' dir='ltr'><strong>ad</strong></span> <span class='ocrx_word' id='word_1_213' title='bbox 1013 3697 1264 3756; x_wconf 88' lang='lat' dir='ltr'><strong>metam</strong></span> <span class='ocrx_word' id='word_1_214' title='bbox 1308 3688 1665 3780; x_wconf 81' lang='lat' dir='ltr'><strong>produxit3</strong></span> <span class='ocrx_word' id='word_1_215' title='bbox 1736 3688 1855 3755; x_wconf 89' lang='lat' dir='ltr'><strong>sed</strong></span> <span class='ocrx_word' id='word_1_216' title='bbox 1902 3712 2039 3756; x_wconf 90' lang='lat' dir='ltr'><strong>non</strong></span> <span class='ocrx_word' id='word_1_217' title='bbox 2090 3689 2369 3757; x_wconf 89' lang='lat' dir='ltr'><strong>dubium</strong></span> <span class='ocrx_word' id='word_1_218' title='bbox 2419 3699 2551 3778; x_wconf 89' lang='lat' dir='ltr'><strong>est,</strong></span> <span class='ocrx_word' id='word_1_219' title='bbox 2606 3691 2770 3780; x_wconf 87' lang='lat' dir='ltr'><strong>quin</strong></span> <span class='ocrx_word' id='word_1_220' title='bbox 2800 3692 2940 3759; x_wconf 90' lang='lat' dir='ltr'><strong>hoc</strong></span> <span class='ocrx_word' id='word_1_221' title='bbox 2986 3693 3427 3784; x_wconf 89' lang='lat' dir='ltr'><strong>computandi</strong></span> <span class='ocrx_word' id='word_1_222' title='bbox 3468 3666 3674 3760; x_wconf 88' lang='lat' dir='ltr'><strong>modo</strong></span> 
     </span>
     <span class='ocr_line' id='line_1_23' title="bbox 629 3834 3677 3928; baseline 0.003 -27"><span class='ocrx_word' id='word_1_223' title='bbox 629 3834 857 3902; x_wconf 87' lang='lat' dir='ltr'><strong>adhuc</strong></span> <span class='ocrx_word' id='word_1_224' title='bbox 905 3838 1062 3928; x_wconf 88' lang='lat' dir='ltr'><strong>plus</strong></span> <span class='ocrx_word' id='word_1_225' title='bbox 1108 3839 1359 3906; x_wconf 86' lang='lat' dir='ltr'><strong>laboris</strong></span> <span class='ocrx_word' id='word_1_226' title='bbox 1412 3839 1540 3906; x_wconf 90' lang='lat' dir='ltr'><strong>sibi</strong></span> <span class='ocrx_word' id='word_1_227' title='bbox 1570 3839 2048 3909; x_wconf 89' lang='lat' dir='ltr'><strong>conciliaverit.</strong></span> <span class='ocrx_word' id='word_1_228' title='bbox 2150 3842 2429 3914; x_wconf 82' lang='lat' dir='ltr'><strong>Praeter</strong></span> <span class='ocrx_word' id='word_1_229' title='bbox 2473 3841 2648 3911; x_wconf 89' lang='lat' dir='ltr'><strong>haec</strong></span> <span class='ocrx_word' id='word_1_230' title='bbox 2696 3844 2782 3912; x_wconf 88' lang='lat' dir='ltr'><strong>de</strong></span> <span class='ocrx_word' id='word_1_231' title='bbox 2814 3845 3077 3913; x_wconf 89' lang='lat' dir='ltr'><strong>theoria</strong></span> <span class='ocrx_word' id='word_1_232' title='bbox 3103 3846 3338 3913; x_wconf 89' lang='lat' dir='ltr'><strong>Lunae</strong></span> <span class='ocrx_word' id='word_1_233' title='bbox 3369 3845 3677 3912; x_wconf 83' lang='lat' dir='ltr'><strong>confecta</strong></span> 
     </span>
     <span class='ocr_line' id='line_1_24' title="bbox 624 3988 3677 4089; baseline 0.003 -35"><span class='ocrx_word' id='word_1_234' title='bbox 624 4008 867 4077; x_wconf 90' lang='lat' dir='ltr'><strong>opera,</strong></span> <span class='ocrx_word' id='word_1_235' title='bbox 919 3988 1018 4056; x_wconf 89' lang='lat' dir='ltr'><strong>ill.</strong></span> <span class='ocrx_word' id='word_1_236' title='bbox 1071 3989 1363 4058; x_wconf 88' lang='lat' dir='ltr'><strong>Poisson</strong></span> <span class='ocrx_word' id='word_1_237' title='bbox 1421 4013 1547 4058; x_wconf 90' lang='lat' dir='ltr'><strong>nec</strong></span> <span class='ocrx_word' id='word_1_238' title='bbox 1589 4014 1726 4058; x_wconf 90' lang='lat' dir='ltr'><strong>non</strong></span> <span class='ocrx_word' id='word_1_239' title='bbox 1767 3992 1866 4058; x_wconf 89' lang='lat' dir='ltr'><strong>ill.</strong></span> <span class='ocrx_word' id='word_1_240' title='bbox 1910 3994 2200 4061; x_wconf 87' lang='lat' dir='ltr'><strong>Lubock</strong></span> <span class='ocrx_word' id='word_1_241' title='bbox 2245 3995 2571 4063; x_wconf 82' lang='lat' dir='ltr'><strong>formulas</strong></span> <span class='ocrx_word' id='word_1_242' title='bbox 2614 4005 2830 4084; x_wconf 89' lang='lat' dir='ltr'><strong>notas,</strong></span> <span class='ocrx_word' id='word_1_243' title='bbox 2873 3997 3112 4087; x_wconf 91' lang='lat' dir='ltr'><strong>quibus</strong></span> <span class='ocrx_word' id='word_1_244' title='bbox 3141 3998 3677 4089; x_wconf 86' lang='lat' dir='ltr'><strong>perturbationes</strong></span> 
     </span>
     <span class='ocr_line' id='line_1_25' title="bbox 621 4138 3678 4246; baseline 0.004 -41"><span class='ocrx_word' id='word_1_245' title='bbox 621 4138 1011 4208; x_wconf 90' lang='lat' dir='ltr'><strong>immediate</strong></span> <span class='ocrx_word' id='word_1_246' title='bbox 1049 4142 1121 4208; x_wconf 90' lang='lat' dir='ltr'><strong>in</strong></span> <span class='ocrx_word' id='word_1_247' title='bbox 1153 4143 1502 4211; x_wconf 87' lang='lat' dir='ltr'><strong>functione</strong></span> <span class='ocrx_word' id='word_1_248' title='bbox 1531 4145 1856 4235; x_wconf 89' lang='lat' dir='ltr'><strong>temporis</strong></span> <span class='ocrx_word' id='word_1_249' title='bbox 1889 4148 2386 4237; x_wconf 85' lang='lat' dir='ltr'><strong>exprimuntur,</strong></span> <span class='ocrx_word' id='word_1_250' title='bbox 2430 4147 2517 4214; x_wconf 90' lang='lat' dir='ltr'><strong>ad</strong></span> <span class='ocrx_word' id='word_1_251' title='bbox 2551 4148 3097 4246; x_wconf 86' lang='lat' dir='ltr'><strong>perturbationes</strong></span> <span class='ocrx_word' id='word_1_252' title='bbox 3127 4151 3678 4240; x_wconf 80' lang='lat' dir='ltr'><strong>Lunaecompu—</strong></span> 
     </span>
     <span class='ocr_line' id='line_1_26' title="bbox 620 4291 3676 4392; baseline 0.003 -34"><span class='ocrx_word' id='word_1_253' title='bbox 620 4291 858 4361; x_wconf 88' lang='lat' dir='ltr'><strong>tandas</strong></span> <span class='ocrx_word' id='word_1_254' title='bbox 878 4344 898 4380; x_wconf 94' lang='lat'><strong>,</strong></span> <span class='ocrx_word' id='word_1_255' title='bbox 953 4302 1021 4362; x_wconf 90' lang='lat' dir='ltr'><strong>et</strong></span> <span class='ocrx_word' id='word_1_256' title='bbox 1054 4295 1331 4384; x_wconf 88' lang='lat' dir='ltr'><strong>quidem</strong></span> <span class='ocrx_word' id='word_1_257' title='bbox 1360 4296 1481 4364; x_wconf 89' lang='lat' dir='ltr'><strong>ille</strong></span> <span class='ocrx_word' id='word_1_258' title='bbox 1506 4297 1832 4365; x_wconf 83' lang='lat' dir='ltr'><strong>formulas</strong></span> <span class='ocrx_word' id='word_1_259' title='bbox 1862 4299 2211 4367; x_wconf 88' lang='lat' dir='ltr'><strong>variabilia</strong></span> <span class='ocrx_word' id='word_1_260' title='bbox 2243 4300 2578 4368; x_wconf 87' lang='lat' dir='ltr'><strong>elementa</strong></span> <span class='ocrx_word' id='word_1_261' title='bbox 2624 4302 2931 4392; x_wconf 86' lang='lat' dir='ltr'><strong>elliptica</strong></span> <span class='ocrx_word' id='word_1_262' title='bbox 2961 4300 3472 4391; x_wconf 79' lang='lat' dir='ltr'><strong>suppeditantes</strong></span> <span class='ocrx_word' id='word_1_263' title='bbox 3492 4349 3512 4387; x_wconf 95' lang='lat'><strong>,</strong></span> <span class='ocrx_word' id='word_1_264' title='bbox 3562 4300 3676 4368; x_wconf 89' lang='lat' dir='ltr'><strong>hic</strong></span> 
     </span>
     <span class='ocr_line' id='line_1_27' title="bbox 621 4431 3678 4543; baseline 0.003 -33"><span class='ocrx_word' id='word_1_265' title='bbox 621 4462 782 4512; x_wconf 88' lang='lat' dir='ltr'><strong>vero</strong></span> <span class='ocrx_word' id='word_1_266' title='bbox 841 4431 1166 4516; x_wconf 86' lang='lat' dir='ltr'><strong>formulas</strong></span> <span class='ocrx_word' id='word_1_267' title='bbox 1230 4448 1653 4518; x_wconf 85' lang='lat' dir='ltr'><strong>coordinatas</strong></span> <span class='ocrx_word' id='word_1_268' title='bbox 1711 4452 1982 4542; x_wconf 88' lang='lat' dir='ltr'><strong>polares</strong></span> <span class='ocrx_word' id='word_1_269' title='bbox 2048 4451 2622 4520; x_wconf 78' lang='lat' dir='ltr'><strong>subministrantes</strong></span> <span class='ocrx_word' id='word_1_270' title='bbox 2676 4460 3214 4542; x_wconf 87' lang='lat' dir='ltr'><strong>proposuerunt,</strong></span> <span class='ocrx_word' id='word_1_271' title='bbox 3282 4461 3349 4520; x_wconf 89' lang='lat' dir='ltr'><strong>et</strong></span> <span class='ocrx_word' id='word_1_272' title='bbox 3399 4461 3678 4543; x_wconf 89' lang='lat' dir='ltr'><strong>uterque</strong></span> 
     </span>
    </p>
   </div>
   <div class='ocr_carea' id='block_1_2' title="bbox 625 4596 3675 4708">
    <p class='ocr_par' dir='ltr' id='par_1_2' title="bbox 625 4596 3675 4708">
     <span class='ocr_line' id='line_1_28' title="bbox 625 4596 3675 4708; baseline 0.004 -48"><span class='ocrx_word' id='word_1_273' title='bbox 625 4596 1084 4664; x_wconf 82' lang='lat' dir='ltr'><strong>evolutionum</strong></span> <span class='ocrx_word' id='word_1_274' title='bbox 1131 4598 1619 4708; x_wconf 74' lang='lat' dir='ltr'><strong>analyticamm</strong></span> <span class='ocrx_word' id='word_1_275' title='bbox 1663 4607 1963 4688; x_wconf 88' lang='lat' dir='ltr'><strong>tantum,</strong></span> <span class='ocrx_word' id='word_1_276' title='bbox 2013 4610 2334 4691; x_wconf 87' lang='lat' dir='ltr'><strong>quantum</strong></span> <span class='ocrx_word' id='word_1_277' title='bbox 2368 4604 2517 4672; x_wconf 88' lang='lat' dir='ltr'><strong>fieri</strong></span> <span class='ocrx_word' id='word_1_278' title='bbox 2549 4604 2801 4696; x_wconf 84' lang='lat' dir='ltr'><strong>possit,</strong></span> <span class='ocrx_word' id='word_1_279' title='bbox 2854 4606 3423 4675; x_wconf 85' lang='lat' dir='ltr'><strong>extendeudarum</strong></span> <span class='ocrx_word' id='word_1_280' title='bbox 3454 4607 3675 4674; x_wconf 87' lang='lat' dir='ltr'><strong>consi·</strong></span> 
     </span>
    </p>
   </div>
   <div class='ocr_carea' id='block_1_3' title="bbox 620 4746 1403 4841">
    <p class='ocr_par' dir='ltr' id='par_1_3' title="bbox 620 4746 1403 4841">
     <span class='ocr_line' id='line_1_29' title="bbox 620 4746 1403 4841; baseline 0.008 -28"><span class='ocrx_word' id='word_1_281' title='bbox 620 4746 784 4815; x_wconf 89' lang='lat' dir='ltr'><strong>lium</strong></span> <span class='ocrx_word' id='word_1_282' title='bbox 814 4751 1076 4841; x_wconf 88' lang='lat' dir='ltr'><strong>cepisse</strong></span> <span class='ocrx_word' id='word_1_283' title='bbox 1114 4750 1403 4821; x_wconf 89' lang='lat' dir='ltr'><strong>videtur.</strong></span> 
     </span>
    </p>
   </div>
  </div>
 </body>
</html>
