4773 5892
2120 417 2230 491 XI

627 610 1064 698 edamus,
1131 627 1539 701 quamquam
1588 614 1867 679 externa
1906 607 2084 679 facie
2110 609 2216 678 (ab
2263 606 2374 677 his
2399 608 3073 702 discrepant‚‚1faofis
3097 635 3214 704 9,-
3236 637 3282 683 α
3309 622 3380 687 et
3407 637 3454 711 η
3482 578 3692 691 ciffis

626 764 1055 856 aequalibus,
1107 762 1457 832 identicae:
1472 770 1648 832 sunt.
1677 816 1685 821 .
1728 762 2202 831 Evolutiones
2233 762 2823 854 perturbationum
2853 766 3345 857 primi-ordinis
3374 779 3691 861 respectu

629 917 730 987 vis
765 915 1251 1009 perturbantis,
1300 918 1627 1005 qnatenus
1655 912 1766 983 his
1794 922 1971 1000 ntor,
2014 914 2111 983 ita
2140 914 2420 984 institui:
2430 916 2836 1007 potuissent,
2884 926 2970 987 ut
2989 917 3380 992 immediate
3406 921 3506 992 ad
3527 922 3687 1013 pla—

626 1077 817 1139 netas
857 1091 1131 1159 quoque
1174 1067 1509 1159 applicari
1537 1076 1863 1159 possent:
1914 1066 2072 1135 talis
2097 1067 2278 1136 enim
2302 1068 2675 1137 'functionis
2702 1046 3242 1161 perturbatricis'.
3259 1072 3331 1140 Ω
3361 1073 3686 1160 evolutio,

631 1221 852 1311 qualis
895 1221 967 1288 in
1004 1220 1433 1311 planetarum
1480 1217 1750 1288 theoria
1787 1218 2180 1289 adhibenda
2225 1227 2328 1287 est
2343 1267 2364 1305 ‚
2413 1219 2486 1287 in
2513 1220 2753 1290 Lunae
2784 1243 3059 1313 quoque
3087 1221 3356 1293 theoria
3388 1224 3461 1292 in
3489 1248 3687 1303 usum

626 1373 858 1440 vocari
904 1380 1157 1463 posset.
1258 1372 1343 1441 ln
1386 1369 1521 1439 hac
1560 1393 1724 1439 vero
1767 1370 2336 1439 commentatione
2379 1372 2839 1445 evolutionem
2885 1373 3067 1443 hanc
3117 1376 3214 1444 ita
3267 1374 3525 1445 institui
3539 1426 3559 1463 ‚
3589 1385 3689 1446 -ut

626 1524 1074 1615 quantitatem
1142 1522 1215 1590 Ω
1273 1524 1345 1592 in
1380 1523 1645 1593 seriem
1704 1522 2075 1593 secundum
2127 1530 2507 1615 potestates
2565 1526 2844 1594 rationis
2911 1526 3381 1596 distantiarum
3429 1528 3689 1599 Terrae

625 1698 669 1743 a
713 1676 910 1744 Luna
956 1684 1027 1745 et
1072 1699 1115 1743 a
1157 1675 1325 1744 Sole
1371 1675 1929 1769 progredientem
1974 1675 2357 1744 evolverem
2371 1725 2393 1762 ,
2468 1700 2647 1766 qnae
2673 1642 2993 1746 evolutio
3038 1679 3113 1746 in
3141 1672 3383 1748 Lunae
3417 1668 3688 1750 theoria

621 1836 919 1920 propter
972 1825 1173 1897 huius
1241 1827 1522 1897 rationis
1584 1827 2023 1919 exig-uitatem
2062 1827 2373 1896 omnibus
2412 1828 2563 1897 aliis
2609 1828 3061 1921 praeferenda
3121 1836 3258 1918 est,
3323 1830 3397 1898 in
3438 1833 3684 1924 plane-

624 1989 848 2048 tarum
879 2000 1041 2047 vero
1071 1978 1339 2047 theoria
1365 1980 1440 2047 in
1465 2002 1663 2048 usum
1689 1979 1920 2047 vocari
1954 1979 2210 2069 nequit.

821 2127 1078 2198 Causas
1122 2152 1262 2198 non
1308 2110 1568 2217 omnes,
1616 2153 1793 2222 quae
1820 2122 2084 2199 motum
2114 2130 2354 2199 Lunae
2380 2128 2806 2221 perturbant,
2847 2129 2921 2199 in
2942 2128 3077 2199 hac
3110 2133 3682 2207 commentatione

618 2254 926 2368 tractavi,
954 2281 1543 2374 perturbationum
1579 2282 1761 2352 enim
1791 2305 2042 2369 earum,
2077 2304 2252 2373 qnae
2280 2305 2320 2351 e
2344 2281 2414 2349 vi
2443 2281 2799 2349 attractiva
2824 2279 3005 2348 Solis
3040 2281 3363 2366 oriuntur,
3391 2303 3685 2375 compu-

616 2433 945 2502 tationem
977 2432 1428 2503 solummodo.
1450 2435 1784 2527 explicavi
1799 2482 1820 2519 ‚
1872 2434 2098 2502 futuro
2129 2433 2427 2524 tempori
2454 2431 2749 2500 edendas
2778 2431 3366 2522 perturbationum
3396 2456 3438 2500 a
3465 2432 3688 2526 figura

620 2581 1094 2673 sphaeroidica
1158 2592 1380 2653 terrae
1446 2593 1517 2653 et
1561 2586 1990 2677 planetarum
2039 2581 2661 2677 perturbationibus
2705 2604 2880 2675 pure
2919 2583 3287 2675 periodicis
3331 2584 3688 2654 orientium

620 2734 1106 2825 explicationes
1141 2698 1549 2826 relinquens.
2381 2730 2390 2739 ⁸

813 2884 1186 2956 Problema
1211 2886 1387 2956 illud

1015 3040 1489 3112 Determinare
1549 3062 1915 3135 corporum
1980 3041 2377 3116 coelestium
2444 3041 2829 3134 systematis
2885 3040 3098 3110 nostri
3155 3037 3418 3109 Solaris
3461 3047 3684 3110 motus

1014 3193 1389 3263 secundum
1429 3195 1660 3289 legem
1688 3193 2043 3289 gravitatis
2072 3195 2592 3264 Newtonianam

490 3391 493 3394 η
616 3342 1007 3433 saepissime
1056 3345 1417 3435 problema
1454 3346 1660 3414 trium
1704 3368 2069 3439 corporum
2115 3347 2549 3437 appellatum
2601 3352 2704 3412 est
2717 3393 2738 3431 ‚
2790 3328 3204 3432 quamquam
3236 3364 3471 3412 revera
3509 3341 3687 3412 inter

614 3513 979 3582 corporum
1036 3517 1284 3586 corpus
1337 3497 1738 3586 primarium
1795 3495 2237 3562 ambientium
2297 3515 2655 3563 numerum
2714 3492 3270 3584 distinguendum
3331 3501 3454 3562 est.
3573 3493 3684 3563 Ita

614 3643 898 3732 proprie
929 3643 1069 3711 hoc
1098 3645 1461 3735 problema
1494 3645 1785 3714 duorum
1810 3666 2196 3738 corporum,
2246 3631 2513 3735 quoties
2541 3651 2766 3713 motus
2794 3643 3015 3729 unius,
3064 3644 3268 3713 trium
3298 3665 3685 3738 corporum,

615 3793 882 3878 quoties
924 3800 1145 3862 motus
1189 3795 1480 3864 duorum
1496 3844 1517 3881 ‚
1569 3804 1858 3886 quatuor
1882 3775 2285 3889 corporum,
2336 3796 2612 3886 quoties:
2648 3804 2872 3865 motus
2915 3795 3123 3864 trium
3166 3818 3546 3889 corporum.
3572 3819 3686 3865 re-

614 3951 856 4034 spectu
887 3948 1192 4038 corporis
1220 3948 1548 4038 primarii,
1579 3949 1768 4038 quod
1793 3949 1916 4017 illa
1930 3948 2259 4034 ambiunt,
2288 3947 2748 4039 investigandi
2775 3955 2952 4034 sunt,
2982 3946 3344 4016 dicendum
3368 3955 3494 4034 est,
3511 3947 3690 4015 etsie

609 4114 844 4186 porro,
874 4100 1139 4186 quoties
1167 4099 1371 4191 plura
1397 4122 1690 4193 corpora
1716 4099 1982 4172 adsunt.
2028 4099 2400 4170 Problema
2428 4097 2718 4168 duorum
2746 4120 3113 4211 corporum
3140 4097 3686 4194 expressionibus

610 4211 819 4316 fibitis
852 4247 1026 4316 solvi
1053 4272 1295 4342 posse,
1338 4259 1408 4320 et
1432 4251 1689 4321 haecce
1716 4274 2009 4345 corpora
2034 4252 2368 4322 sectiones
2399 4249 2670 4320 conicas
2697 4249 2952 4320 circum
2989 4268 3346 4320 commune
3380 4254 3688 4317 centrum

612 4418 846 4468 eorum
876 4402 1231 4494 gravitatis
1264 4403 1665 4489 describere,
1712 4413 1850 4489 aut,
1876 4403 1935 4473 si
1965 4412 2188 4473 motus
2216 4402 2485 4471 relativi
2508 4401 3018 4491 investigantur,
3045 4405 3407 4490 utrumque
3438 4398 3687 4467 sectio-

614 4566 768 4617 nem
795 4552 1101 4628 conicam
1133 4554 1436 4622 eiusdem
1470 4553 1992 4622 excentricitatis
2007 4551 2416 4645 periodique
2435 4549 2686 4618 circum
2716 4549 3006 4618 alterum
3030 4547 3469 4646 perlustrare,
3486 4565 3689 4616 nemo

615 4699 852 4770 nescit.
919 4703 1361 4798 Problemata
1386 4704 1690 4797 plurium
1726 4727 1933 4798 quam
1965 4694 2252 4775 duorum
2282 4724 2651 4797 corporum
2678 4699 3227 4793 expressionibus
3265 4697 3476 4766 finitis
3513 4695 3687 4766 solvi

2603 4822 2646 4872 *
2663 4824 2706 4876 *
2730 4824 2782 4896 2
