4773 5892
2568 384 2731 447 xm
2755 402 2758 405 ·

1898 619 1903 623 ,
4127 593 4156 633 a
4201 620 4215 636 .

1181 749 1190 765 ⁸
1225 667 1355 728 Art.
1397 671 1496 728 13.
1578 662 1954 741 Computatio
1993 662 2488 741 perturbationum
2528 665 2697 743 primi
2735 664 2952 728 ordinis
2990 654 3242 743 ipsarum
3280 688 3337 728 w
3377 677 3435 727 et
3479 668 3531 731 S
3568 648 3880 746 explicatur
3998 716 4017 734 .
4086 594 4219 733 11986

1225 791 1354 851 Art.
1394 794 1495 853 14.
1579 783 1955 865 Computatio
1994 768 2494 863 perturbationum
2535 784 2704 864 primi
2743 784 2958 846 ordinis
2999 785 3247 863 ipsarum
3290 789 3363 862 P,
3411 788 3465 866 Q
3505 798 3564 848 et
3606 791 3681 852 K
3714 789 4021 867 explicatur
4100 800 4219 853 198
4371 797 4391 824 '

1223 910 1351 975 Art.
1386 916 1487 971 15.
1568 905 2228 969 Perturbationes'Solis
2271 905 2343 967 ad
2384 905 2645 982 sormam,
2689 928 2859 984 quam
2897 906 3036 970 baec
3055 906 3252 969 Lunae
3286 906 3506 969 theoria
3529 910 3820 988 supponit,
3864 911 4015 972 redi·
4099 950 4108 955 -

1339 1015 4217 1089 guntur.....x-....·...·...‚.202

1150 1184 1388 1256 Sentio
1439 1184 1515 1253 V.
1624 1182 2053 1277 Explicatio
2131 1181 2737 1276 cmputationum
2814 1181 3463 1279 approximationis
3523 1185 3886 1255 secundae
3951 1195 4017 1256 et

1393 1308 1971 1403 subsequentium
2040 1358 4014 1381 .................
4068 1311 4218 1381 206

1222 1455 1379 1518 Artt.
1419 1464 1549 1515 1-
1567 1464 1629 1531 5.
1710 1453 1979 1536 Formula
2020 1449 2478 1537 perturbationes
2542 1448 2774 1516 secundi
2825 1451 3098 1533 ordinis
3079 1451 3259 1535 lpsius
3301 1460 3456 1535 (roz
3496 1453 3799 1529 exhibente
3841 1476 4012 1535 expo·

1345 1549 1451 1611 sita
1476 1598 1494 1626 ,
1554 1551 1905 1649 quantitates
1962 1549 2262 1612 auxiliares
2320 1550 2391 1610 ad
2451 1548 2974 1629 perturbationes
2950 1548 3182 1611 secundi
3222 1550 3437 1611 ordinis
3479 1552 3886 1647 computandas
3925 1573 4016 1614 re-

1343 1647 1588 1723 quisitae
1632 1659 1995 1727 exponuntur
2034 1659 2095 1708 et
2137 1646 2489 1726 explicantur
2593 1695 2611 1713 .
2735 1694 2753 1713 .
2881 1694 2899 1712 .
3021 1692 3040 1711 .
3165 1693 3181 1710 .
3304 1694 3322 1712 .
3445 1693 3462 1711 .
3584 1695 3602 1714 .
3729 1696 3745 1713 .
3859 1693 3877 1712 .
3998 1696 4016 1716 .
4099 1655 4220 1711 206

1223 1771 1352 1832 Art.
1388 1776 1447 1830 6.
1534 1769 1907 1830 Theoremati
1962 1768 2021 1829 in
2075 1781 2179 1833 art.
2208 1777 2267 1832 9.
2309 1770 2466 1838 Sect.
2505 1769 2609 1834 lv,
2654 1768 3044 1830 demonstrato
3083 1768 3457 1881 quantitatem
3498 1770 3923 1833 demonstratur
3964 1768 4026 1831 Ζ

1345 1886 1567 1943 quoquc
1611 1865 1918 1927 subiectam
1962 1887 2088 1927 esse
2164 1912 2180 1929 .
2302 1911 2320 1931 .
2444 1914 2460 1929 .
2585 1913 2602 1932 .
2727 1916 2745 1934 .
2869 1913 2887 1932 .
3014 1910 3031 1927 ·
3154 1912 3171 1929 .
3294 1914 3310 1931 .
3436 1914 3454 1933 .
3577 1913 3596 1931 .
3719 1914 3736 1931 .
3857 1912 3875 1929 .
3998 1901 4016 1929 a
4097 1872 4215 1926 212

1222 1989 1350 2053 Art.
1387 1993 1445 2048 7.
1529 1985 1915 2066 Computatio'
1962 1987 2403 2066 productorum,
2479 1986 2687 2066 quibus
2743 1987 3052 2050 formulae
3074 1988 3536 2066 perturbationes
3592 1987 4019 2101 suppeditantes

1338 2095 1623 2159 constant,
1665 2085 2064 2177 explicaturae
2161 2115 2205 2145 .·
2302 2132 2321 2152 .
2447 2130 2464 2147 .
2588 2132 2602 2147 .
2725 2129 2743 2148 .
2868 2133 2886 2153 .
3008 2131 3027 2150 .
3152 2132 3170 2150 .
3292 2132 3308 2149 .
3432 2133 3451 2152 .
3574 2133 3593 2152 .
3718 2132 3734 2148 .
3858 2130 3875 2149 .
3999 2119 4018 2146 a
4097 2089 4217 2144 215

1218 2206 1350 2267 Art.
1387 2214 1447 2270 9.
1528 2204 1879 2284 Aptissimus
1912 2204 2414 2297 perturbationum
2456 2217 2922 2289 argumentorum
2964 2207 3106 2269 ordo
3149 2206 3491 2285 explicatur,
3534 2217 3594 2266 et
3637 2203 3811 2267 series
3847 2225 4014 2287 argu-

1336 2310 1659 2363 mentorum
1700 2302 2008 2381 apponitur
2167 2348 2184 2367 .
2306 2350 2322 2365 .
2447 2350 2465 2369 .
2589 2349 2606 2366 .
2733 2352 2747 2367 .
2873 2349 2889 2366 .
3010 2350 3028 2369 .
3152 2350 3170 2367 .
3292 2350 3312 2371 .
3435 2350 3454 2369 .
3581 2351 3598 2367 .
3721 2346 3738 2363 .
3860 2347 3880 2365 .
4001 2348 4016 2363 .
4098 2309 4217 2365 219

1219 2424 1350 2485 Art.
1384 2429 1441 2483 9.
1524 2421 1735 2505 Agitur
1774 2423 1845 2484 de
1886 2420 2224 2486 divisoribus
2263 2422 2550 2501 parvulis,
2593 2444 2732 2501 quos
2772 2424 2990 2502 aliquot
3030 2422 3484 2502 perturbationes
3523 2422 3585 2483 in
3626 2423 4021 2506 integrationi-

1341 2517 1754 2580 busobtinent
1874 2568 1894 2589 .
2015 2565 2034 2586 .
2158 2535 2319 2589 .‘.
2448 2569 2466 2588 .
2591 2568 2607 2585 .
2731 2570 2748 2587 .
2870 2571 2889 2590 .
3014 2567 3032 2585 .
3155 2570 3173 2590 .
3296 2567 3313 2585 .
3436 2568 3452 2585 .
3576 2567 3594 2584 .
3717 2564 3735 2582 .
3859 2529 4218 2585 ...222

1143 2673 1146 2677 v
1220 2642 1378 2708 Artt.
1413 2648 1494 2701 10
1524 2652 1583 2701 et
1617 2650 1718 2705 11.
1796 2640 2301 2703 Perturbationum
2343 2643 2578 2703 secundi
2612 2643 2828 2705 ordinis
2861 2642 3304 2721 computationis
3331 2640 3627 2719 explicatio
3657 2641 4024 2703 continuatur
4099 2651 4215 2702 224

1218 2763 1375 2824 Artt.
1405 2769 1483 2821 12
1512 2773 1571 2822 et
1607 2770 1706 2825 13.
1770 2740 2062 2825 Calculus
2086 2745 2581 2841 perturbationum
2623 2764 2857 2826 secundi
2894 2748 3109 2825 ordinis
3153 2744 3400 2842 ipsarum
3440 2783 3497 2824 w
3534 2773 3705 2840 atque
3745 2763 3803 2825 S
3842 2764 4017 2843 expli-

1342 2863 4211 2940 catur........,...........229

1220 2983 1347 3042 Art.
1385 2988 1484 3043 14.
1567 2978 1838 3041 Calculus
1891 2980 2383 3060 perturbationum
2448 2981 2683 3045 secundi
2735 2979 2951 3045 ordinis
3006 2980 3271 3072 ipsarum»
3298 2983 3385 3057 P,
3432 2983 3487 3061 Q
3522 2992 3696 3061 atque
3736 2982 3818 3048 K
3842 2978 4016 3058 expli·

1336 3084 4214 3147 catur........1.....f......233

1221 3198 1495 3263 Arcas.
1567 3197 2038 3268 Perturbationes
2064 3198 2239 3276 ‘tertii
2279 3200 2497 3262 ordinis
2539 3200 2746 3261 eodem
2787 3199 2961 3260 modo
2998 3221 3112 3277 quo
3150 3197 3610 3278 perturbationes
3651 3198 3884 3263 secundi
3924 3220 4016 3259 or·

1339 3294 1488 3355 diuis
1530 3296 1947 3374 computandae
1988 3308 2141 3363 sunt.
2224 3295 2496 3378 Singulae
2537 3296 2816 3375 quaedam
2857 3295 3023 3359 huius
3063 3295 3261 3358 calculi
3289 3298 3645 3361 conditiones
3672 3293 4019 3375 explicantur
4096 3298 4213 3355 237

1148 3469 1386 3541 Sentio
1440 3471 1566 3540 VI.
1668 3472 2091 3568 Explicatio
2141 3453 2745 3570 computationurn
2795 3474 2901 3552 ad
2943 3476 3150 3579 ipsas
3188 3501 3271 3575 p
3316 3440 3533 3572 atque
3594 3499 3659 3574 q
3675 3524 3696 3562 ‚
3765 3471 4012 3543 latitu-

1392 3597 1637 3666 dinem
1684 3605 1754 3667 et
1801 3600 2286 3669 reductionem
2332 3600 2812 3697 longitudinis
2863 3600 3287 3673 obtinendas
3340 3601 3939 3673 anstituendarum
4067 3581 4214 3666 242

1216 3743 1347 3803 Art.
1384 3750 1446 3807 1.
1527 3741 1857 3822 'Evolutio'
1838 3717 2091 3859 1psarum
2115 3750 2187 3829 fl
2226 3757 2401 3825 atque
2441 3755 2523 3831 <pt
2564 3745 2875 3825 explicatur
3001 3794 3026 3814 .
3149 3790 3167 3810 .
3289 3791 3306 3811 .
3430 3793 3450 3813 .
3572 3792 3590 3811 .
3711 3771 3762 3808 .·
3851 3790 3871 3810 .
3993 3792 4011 3808 .
4096 3748 4212 3813 242

1219 3865 1346 3924 Art.
1380 3871 1441 3926 2.
1490 3864 1958 3942 Approximatio
2009 3855 2191 3944 prima
2253 3868 2324 3929 ad
2366 3889 2532 3930 veros
2575 3868 2824 3947 ipsarum
2860 3891 2926 3952 p,
2970 3878 3140 3946 atque
3182 3888 3239 3950 q,
3280 3865 3503 3928 valores
3540 3864 3886 3926 obtinendos
3927 3864 4013 3922 in·

1342 3959 1629 4022 stituenda
1670 3962 1983 4040 explicatur
2038 4008 2056 4027 .
2182 4006 2199 4025 .
2315 4013 2332 4030 .
2458 4012 2474 4029 .
2596 4013 2612 4030 .
2736 4013 2754 4030 .
2876 4010 2892 4027 .
3018 4009 3035 4026 .
3159 4009 3175 4025 .
3297 4007 3313 4024 .
3439 4009 3457 4026 .
3578 4009 3594 4026 .
3719 4003 3737 4022 .
3856 4006 3876 4023 .
3996 4003 4013 4019 .
4096 3963 4214 4016 243

1220 4081 1348 4141 Art.
1374 4088 1436 4143 3.
1517 4080 2053 4160 Approximatioues
2095 4084 2510 4165 subsequentes
2551 4085 2904 4165 explicantur
3014 4127 3031 4145 .
3154 4128 3196 4145 ..
3292 4129 3307 4143 .
3433 4126 3449 4143 .
3572 4127 3591 4144 .
3713 4128 3732 4147 .
3855 4125 3873 4144 .
3995 4125 4013 4145 .
4095 4084 4215 4137 245

1212 4201 1342 4263 Art.
1369 4208 1428 4268 4.
1511 4201 1883 4282 Computatio
1926 4207 2082 4268 sinus
2124 4202 2440 4269 latitudinis
2479 4227 2680 4270 versus
2720 4205 2953 4285 planum
2992 4200 3357 4281 proiectionis
3397 4202 3729 4265 adiumento
3766 4200 4016 4280 ipsarum

1322 4322 1393 4382 Ρ,
1436 4310 1608 4374 atque
1648 4323 1704 4383 q,
1747 4301 2088 4379 perficienda
2128 4303 2472 4381 explicatur
2580 4349 2600 4370 .
2721 4349 2738 4366 .
2862 4345 2880 4364 .
3002 4346 3019 4363 .
3143 4341 3160 4360 .
3286 4337 3303 4363 .
3424 4311 3442 4362 ’.
3563 4347 3583 4367 .
3705 4346 3724 4367 .
3851 4341 3870 4360 .
3992 4341 4010 4358 .
4093 4296 4210 4354 24Ἷ

1212 4417 1340 4479 Art.
1377 4426 1439 4483 5.
1522 4418 1796 4512 Formula
1847 4420 2237 4484 reductionem
2290 4401 2661 4501 longitudinis
2715 4389 2787 4482 ad
2843 4419 3078 4498 planum
3130 4417 3502 4498 prmectionis
3541 4418 3815 4481 exhibens
3856 4430 3915 4479 et
3937 4415 4016 4477 -in

1329 4524 1436 4578 art.
1474 4522 1574 4579 33.
1614 4516 1769 4580 Sect.
1802 4517 1881 4581 11.
1922 4516 2055 4578 data
2093 4515 2378 4584 evolvitur
2417 4525 2586 4593 atque
2624 4512 2966 4599 integratur,
3010 4529 3071 4579 et
3112 4516 3281 4578 huius
3320 4515 3673 4590 reductionis
3713 4525 4010 4594 computa·

1335 4610 4214 4690 tioexplieatur................250
