4773 5892
77 2203 133 2261 φ
65 1724 175 2153 fusum(
55 1568 118 1622 2
26 1052 135 1535 -s-„wyssw

1294 1682 2858 1839 PRAEFATIQ

559 2220 823 2348 Casus
882 2278 1049 2349 duos
1101 2283 1546 2372 problematis
1599 2285 1804 2353 trium
1856 2306 2215 2377 corporum
2238 2334 2257 2369 ,
2309 2285 2498 2373 quod
2545 2290 2860 2365 vocatur,
2911 2302 3080 2370 quos
3136 2290 3429 2373 systema
3477 2303 3600 2349 no·

560 2410 771 2496 strum
819 2431 1043 2500 solare
1091 2433 1284 2501 uobis
1335 2434 1562 2520 offert,
1612 2437 1903 2503 alterum
1950 2445 2139 2527 puta,
2191 2435 2308 2503 ubi
2358 2458 2579 2502 massa
2628 2397 3028 2524 perturbans
3056 2455 3288 2501 revera
3320 2434 3606 2525 parvula

560 2588 695 2663 est,
763 2580 1086 2667 alterum,
1169 2585 1287 2653 ubi
1336 2608 1555 2654 massa
1607 2587 2007 2677 perturbans
2060 2596 2375 2678 respectu
2426 2608 2683 2653 massae
2735 2585 3038 2676 corporis
3088 2585 3391 2676 primarii
3440 2608 3603 2677 per·

554 2752 801 2822 magna
852 2741 978 2817 eat,
1029 2735 1180 2803 sed·
1201 2746 1490 2828 propter
1543 2738 1927 2806 distantiam
1976 2761 2420 2831 permagnam
2471 2761 2622 2807 cum
2674 2763 2716 2805 a
2751 2759 3039 2828 corpore
3067 2724 3411 2828 primario,
3461 2748 3606 2807 tum

554 2905 595 2948 a
644 2903 930 2975 corpore
977 2888 1372 2978 perturbato
1422 2892 1778 2982 parvulam
1830 2890 2041 2959 efficit
2072 2891 2207 2959 vim
2239 2892 2781 2983 perturbantem;
2853 2912 3065 2975 casus,
3119 2891 3415 2980 inquam,
3468 2890 3600 2958 hos

559 3032 729 3103 duos
779 3036 974 3105 unius
1027 3040 1462 3131 eiusdemque
1510 3045 1953 3136 problematis
2002 3054 2390 3137 geometrae
2441 3044 2529 3111 ad
2577 3044 2715 3111 hoc
2761 3065 2977 3132 usque
3024 3053 3293 3134 tempus
3345 3042 3607 3111 duobus

554 3185 772 3252 modis
822 3187 999 3256 inter
1041 3214 1114 3259 se
1164 3193 1372 3284 plane
1423 3194 1703 3264 diversis
1754 3197 2120 3283 solverunt,
2173 3207 2244 3264 et
2292 3220 2515 3285 neque
2565 3196 2992 3280 solutionem,
3043 3218 3248 3284 quam
3279 3217 3410 3286 pro
3446 3215 3603 3261 casu

554 3337 764 3427 priori
816 3339 1099 3424 dedere,
1172 3346 1262 3411 ad
1314 3370 1543 3414 casum
1594 3347 1919 3432 alterum,
1988 3372 2210 3434 neque
2263 3348 2667 3414 solutionem
2729 3348 2928 3414 huius
2993 3369 3182 3412 casus
3253 3345 3342 3422 ad
3407 3345 3602 3424 illum

559 3489 892 3577 applicari
941 3491 1120 3558 licet.
1225 3494 1652 3562 Solutionem
1700 3495 2192 3585 generaliorem
2220 3506 2579 3585 utrumque
2617 3518 2844 3564 casum
2872 3497 3437 3587 complectentem
3474 3496 3596 3564 ad-

555 3634 691 3703 huc
731 3659 933 3705 nemo
974 3640 1184 3729 dedit,
1234 3645 1398 3732 quin
1447 3647 1650 3713 etiam
1698 3654 1871 3732 sunt,
1922 3648 2037 3736 qui
2086 3649 2297 3715 talem
2347 3647 2789 3738 problematis
2830 3648 3031 3715 huius
3073 3649 3475 3716 solutionem
3505 3649 3602 3716 rei

553 3796 860 3856 naturam
910 3813 1047 3858 non
1099 3794 1489 3884 admittere,
1554 3807 1625 3865 et
1673 3791 1941 3889 semper
1990 3801 2347 3890 problema
2398 3801 2536 3868 hoc
2583 3801 2654 3867 iu'
2701 3800 2810 3868 his
2863 3799 3128 3868 duobus
3181 3801 3442 3868 casibus
3493 3801 3600 3868 di-

554 3960 750 4006 verso
815 3941 1027 4010 modo
1092 3950 1364 4015 tractari
1414 3950 1666 4018 debere
1735 3950 2046 4019 dixerint.
2165 3952 2623 4021 Nihilominus
2693 3953 2943 4020 solutio
3007 3953 3162 4020 talis
3221 3953 3604 4045 generalior

551 4091 832 4161 inveniri
863 4104 1115 4185 potest,
1162 4107 1230 4166 et
1278 4102 1575 4193 pagellis
1626 4103 2054 4191 sequentibus
2109 4127 2280 4192 eam,
2331 4129 2537 4195 quam
2578 4115 2970 4194 assequutus
3024 4129 3193 4190 sum,
3246 4125 3597 4193 exponam.

554 4242 749 4326 Quae
799 4247 1051 4315 solutio
1107 4250 1498 4322 immediate
1547 4255 1634 4322 ad
1685 4278 1914 4324 casum
1959 4257 2440 4348 posteriorem,
2509 4260 2626 4348 qui
2673 4257 3010 4326 theoriam
3059 4256 3294 4322 Lunae
3346 4254 3601 4320 consti-

558 4396 681 4464 tuit
697 4446 717 4481 ,
781 4401 1078 4491 pertinet
1092 4452 1112 4488 ,
1178 4405 1274 4471 ita
1323 4414 1548 4473 autem
1613 4417 2006 4500 comparata
2071 4417 2170 4476 est
2191 4458 2211 4488 ,
2275 4419 2351 4471 ut
2399 4402 2596 4472 factis
2648 4404 2858 4472 tribus
2910 4407 3394 4493 quantitatibus
3446 4406 3599 4494 qui-

558 4543 842 4614 busdam
891 4550 1097 4618 cifrae
1161 4553 1583 4641 aequalibuS,
1618 4556 1900 4646 ,solutio
1969 4556 2307 4642 eliciatur,
2396 4579 2599 4647 quam
2662 4578 2792 4649 pro
2845 4580 2997 4625 casu
3048 4560 3295 4649 priori,
3365 4559 3483 4645 qui
3529 4557 3602 4622 in

560 4694 825 4765 theoria
872 4701 1298 4790 planetarum
1343 4705 1569 4776 locum
1618 4708 1850 4793 habet,
1901 4708 2036 4776 iam
2084 4707 2346 4799 publici
2395 4711 2554 4778 iuris
2604 4710 2759 4778 feci.
2837 4710 3142 4780 Theoria
3186 4710 3396 4801 igitur
3436 4707 3594 4798 pla-

2558 4857 2600 4908 *
2649 4861 2697 4933 2
