4773 5892
564 579 850 650 babetur

1766 665 2024 752 dl(—

1765 734 2117 832 -AE--O

566 889 746 960 unde

1809 1005 2029 1076 K:

569 1164 935 1233 denotante
984 1160 1027 1229 k
1078 1161 1439 1230 terminum
1488 1156 1764 1228 omnino
1817 1162 2239 1227 constantem
2285 1154 2359 1225 in
2407 1155 2641 1226 valore
2687 1155 2898 1249 ipsius
2952 1153 3049 1243 K,
3101 1157 3297 1226 sicuti
3344 1158 3480 1225 iam
3526 1158 3599 1226 in

568 1298 691 1357 art.
739 1284 860 1363 25.
913 1287 1356 1356 definivimus.

2014 1504 2133 1577 28.

767 1665 877 1733 Ex
944 1663 1218 1755 ’analysi
1295 1668 1419 1732 art.
1491 1683 1720 1754 praec.
1803 1664 2221 1730 emerserunt¹
2292 1658 2560 1729 valores
2637 1658 2942 1752 ipsarum
3010 1656 3111 1744 P,
3194 1654 3297 1753 Q,
3375 1655 3489 1745 K,
3559 1682 3603 1726 α

574 1800 643 1860 et
705 1812 753 1883 η
824 1791 899 1858 in
962 1789 1549 1882 approximatione
1614 1787 1839 1880 prima
1916 1786 1988 1854 in
2049 1786 2561 1875 aequationibus
2625 1781 2794 1875 (50)
2874 1783 3354 1866 substituendi3
3452 1784 3605 1873 qui-

570 1915 696 1984 bus
794 1915 1168 1984 substitutis
1248 1922 1317 1981 et
1374 1900 1958 2005 'integ-rationibus
2034 1912 2332 2005 peractis
2351 1959 2372 1998 ,
2482 1912 2754 1980 termini
2827 1933 2956 2005 per
3033 1919 3303 2003 tempus
3378 1909 3606 2002 ipsum

573 2041 1010 2133 multiplicati
1091 2041 1250 2108 oriri
1328 2061 1466 2107 non
1541 2048 1863 2131 possunt,
1942 2039 2102 2129 quia
2164 2037 2545 2108 arbitrariae
2615 2060 2660 2104 α
2723 2046 2792 2105 et
2853 2060 2900 2129 η
2962 2037 3060 2106 ita
3131 2035 3603 2106 determinavi-

572 2189 762 2250 mus,
830 2174 906 2234 ut
966 2165 1047 2232 hi
1109 2165 1376 2233 termini
1441 2166 1851 2233 evanuerint.
1952 2163 2237 2233 Valores
2287 2186 2450 2233 vero
2497 2165 2798 2254 ipsarum
2847 2160 2948 2248 P,
3016 2159 3083 2256 9
3135 2169 3203 2227 et
3249 2157 3362 2246 K,
3436 2179 3607 2248 quos

573 2291 699 2359 tali
760 2290 969 2358 modo
1034 2291 1532 2383 approximatio
1593 2291 1818 2383 prima
1885 2290 2385 2380 suppeditabit,
2467 2289 2641 2356 veris
2693 2309 2923 2356 earum
2983 2285 3323 2354 valor-ibus
3387 2286 3606 2379 magis

576 2418 1171 2509 appropinquant,
1258 2424 1326 2484 et
1390 2416 1463 2482 in
1527 2415 2115 2507 approximatione
2165 2414 2463 2483 secunda
2512 2411 2961 2497 substituendi
3011 2418 3186 2481 sunt.
3289 2412 3447 2497 Quo
3496 2411 3607 2480 fa-

579 2580 763 2642 ctum
834 2575 993 2663 erit,
1072 2584 1148 2643 ut
1212 2576 1281 2642 in
1352 2574 1863 2664 aequationibus
1927 2594 2059 2665 pro
2109 2531 2199 2678 ἐξ
2262 2583 2334 2642 et
2409 2531 2506 2678 ξ
2561 2572 2826 2642 termini
2906 2578 3290 2641 constantes
3375 2571 3610 2639 orituri

579 2725 747 2809 sint,
825 2725 944 2813 qui
1021 2733 1182 2815 post
1256 2724 1740 2818 integrationes
1808 2730 2124 2815 peractas
2199 2724 2523 2793 terminos
2590 2745 2719 2817 per
2790 2732 3061 2815 tempus
3126 2723 3356 2814 ipsum
3424 2720 3607 2789 mul-

574 2849 923 2941 tiplicatos
1002 2850 1337 2942 prodant,
1417 2852 1537 2940 qni
1612 2870 1777 2919 vero
1838 2848 2142 2935 termini,
2221 2848 2473 2917 additis
2540 2849 2840 2919 terminis
2905 2848 3334 2918 correctionis
3396 2846 3510 2937 (n)
3525 2844 3613 2914 δα

582 2984 651 3042 et
714 2973 827 3065 (n)
843 2975 930 3069 δη
995 2998 1176 3068 resp.
1244 2976 1334 3044 ad
1399 2974 1575 3065 (²1)oe
1644 2985 1713 3045 et
1756 2973 1994 3069 (mn,
2075 2982 2146 3044 et
2210 2973 2673 3047 determinatis
2738 2976 2827 3047 δα
2888 2985 2961 3046 et
3022 2975 3110 3069 (iq
3179 2977 3277 3044 ita
3342 2982 3421 3045 ut
3467 2980 3607 3043 ter-

581 3134 745 3202 mini
823 3134 901 3202 hi
976 3142 1359 3203 constantes
1444 3135 1515 3204 in
1595 3135 2187 3228 approximatione
2266 3136 2563 3205 secunda
2643 3159 2726 3205 ex
2788 3136 3296 3226 aequationibus
3343 3156 3476 3228 pro
3524 3092 3614 3177 ff

3541 3184 3602 3238 at

584 3302 653 3360 et
680 3253 776 3399 ‘if-Its
803 3295 1041 3362 orituri
1072 3302 1476 3363 evanescant
1493 3342 1513 3379 ,
1563 3294 1934 3374 tolluntur3
2001 3301 2071 3361 et
2113 3293 2210 3359 sic
2251 3315 2459 3383 porro
2505 3296 2575 3360 in
2632 3294 3327 3385 approximationibus
3377 3291 3614 3363 subse-

585 3445 966 3532 quentibus.
1055 3440 1357 3509 Calculis
1402 3442 1612 3533 igitur
1657 3443 1931 3509 omnino
1984 3440 2334 3527 absolutis,
2385 3439 2476 3527 P,
2532 3439 2599 3536 9
2632 3452 2702 3510 et
2729 3439 2804 3511 Κ
2831 3444 3152 3512 terminos
3189 3466 3317 3535 per
3346 3450 3618 3536 tempus

583 3567 809 3659 ipsum
873 3567 1366 3658 multiplicatos
1426 3588 1566 3634 non
1628 3567 2068 3640 continebunt
2087 3613 2108 3652 ,
2187 3572 2258 3632 et
2323 3588 2367 3632 α
2432 3574 2637 3655 atque
2700 3589 2748 3660 η
2811 3568 3161 3637 habebunt
3225 3568 3494 3638 valores
3544 3569 3620 3637 in

584 3702 709 3762 art.
761 3715 990 3785 praec.
1039 3693 1349 3761 inventos
1366 3743 1384 3780 ‚
1435 3692 1678 3782 quibus
1727 3712 1888 3759 vero
1935 3689 2205 3758 termini
2256 3712 2294 3758 e
2343 3691 2674 3778 quadrato
2723 3695 3309 3785 potestatibusque
3360 3694 3618 3762 altiori-

584 3817 712 3887 bus
751 3819 854 3887 vis
908 3819 1365 3910 perturbantis
1418 3818 1796 3911 pendentes
1849 3815 2267 3883 accesserint.
2336 3815 2749 3914 *Notandum
2793 3827 2895 3886 est
2935 3820 3279 3904 terminos,
3330 3818 3418 3887 de
3463 3820 3617 3909 qui-

582 3976 709 4046 bus
750 3977 969 4046 locuti
1017 4000 1266 4065 sumus,
1320 3976 1752 4047 solummodo
1798 3996 1879 4044 ex
1919 3973 2430 4063 aequationibus
2482 3997 2614 4066 pro
2663 3934 2751 4079 ἐξ
2798 3984 2868 4043 et
2917 3936 3011 4081 ‘fi—f
3054 3977 3397 4045 tollendos
3449 4001 3619 4064 esse,

584 4136 657 4203 in
705 4137 1110 4225 aequatione
1160 4137 1340 4205 enim
1387 4158 1519 4229 pro
1571 4094 1660 4242 ’ἐξ
1716 4134 1986 4203 termini
2044 4133 2216 4201 tales
2286 4133 2446 4201 oriri
2496 4143 2875 4223 nequeunt,
2938 4135 3012 4202 id
3060 4136 3248 4225 quod
3295 4160 3423 4229 per
3473 4138 3616 4206 cal-

587 4284 814 4355 culum
856 4287 1450 4377 praeparatorium
1499 4296 1625 4355 art.
1674 4309 1903 4380 praec.
1958 4283 2326 4353 effecimus.

787 4410 985 4502 Quae
1034 4411 1106 4479 in
1147 4414 1710 4504 praecedentibus
1762 4413 1851 4482 de
1899 4408 2406 4501 aequationibus
2457 4404 2623 4496 (50)
2691 4408 3119 4479 disseruimus
3135 4459 3156 4498 ,
3225 4413 3415 4482 nulla
3474 4413 3619 4480 fere

592 4537 965 4606 mutatione
1030 4538 1215 4606 facta
1278 4539 1369 4607 ad
1431 4537 1864 4630 aequationes
1929 4534 2098 4626 (49)
2115 4586 2135 4623 ,
2220 4556 2395 4624 quae
2441 4535 2813 4627 praecipue
2862 4536 2951 4604 ad
3002 4536 3336 4606 theoriam
3384 4538 3622 4605 Lunae

598 4700 944 4787 spectant,
986 4698 1349 4791 applicari
1396 4705 1700 4794 possunt.
1801 4696 1883 4765 ln
1930 4696 2041 4766 his
2092 4693 2600 4786 aequationibus
2649 4693 2971 4764 terminus
3022 4671 3105 4799 Pu?
3148 4719 3197 4784 μ
3254 4695 3325 4762 in
3384 4695 3619 4764 termi-

2630 4817 2726 4892 13
