4773 5892
1992 402 2159 490 123

750 628 828 696 Si
911 650 1070 696 vero
1148 626 1655 694 inclinationem
1720 630 2025 691 mutuam
2094 625 2464 694 orbitarum
2528 641 2605 691 m
2667 632 2739 693 et
2810 627 2903 690 m‘
2970 623 3179 694 cifrae
3246 625 3599 715 aequalem

550 757 832 823 facimus
854 804 874 837 ‚
928 752 1304 822 necessario
1353 749 1450 819 Ft
1500 757 1704 840 atque
1754 742 1842 815 F
1845 756 1873 815 t
1924 760 2369 840 evanescunt,
2419 751 2606 821 unde
2654 753 2726 821 in
2774 748 2912 818 hoc
2961 773 3119 820 casu
3172 759 3527 847 emergunt

1552 899 1582 967 l
1629 925 1722 963 ,τ’-.-
1777 898 1859 966 Π
1899 895 1989 995 -ᾕ-
2030 900 2107 969 R
2153 895 2244 995 -f-
2300 901 2373 1003 V!

1554 1017 1597 1091 l'
1636 1049 1729 1089 =
1783 1019 1879 1093 H*
1908 1021 1998 1121 -ff-
2041 1020 2135 1093 R'
2161 1022 2251 1121 ἦ·
2302 1021 2396 1127 V:

557 1204 764 1273 quum
816 1204 978 1250 vero
1028 1178 1105 1247 R
1159 1181 1245 1248 sit
1291 1178 1552 1246 functio
1603 1178 1903 1268 ipsarum
1957 1178 2026 1243 Γ
2080 1187 2284 1268 atque
2346 1176 2443 1277 7,,
2496 1187 2565 1246 et
2611 1171 2705 1244 R'
2753 1177 3015 1247 functio
3066 1177 3358 1270 analoga
3411 1179 3597 1269 ipsa-

554 1332 702 1377 rum
754 1309 824 1376 Γ
867 1319 1069 1398 atque
1126 1299 1217 1405 VJ
1236 1356 1255 1391 ‚
1306 1294 1598 1372 habetur
1649 1325 1731 1370 eo
1783 1304 2110 1395 temporis
2164 1312 2534 1390 momento,
2584 1325 2724 1394 quo
2782 1301 2858 1401 Vt
2891 1328 2983 1367 =
3027 1296 3117 1400 V:
3173 1314 3311 1389 est,
3395 1305 3599 1371 etiam

555 1431 631 1501 R
659 1457 753 1498 =
783 1427 877 1500 R'
890 1483 910 1517 ‚
988 1440 1058 1500 et
1122 1455 1329 1523 quum
1396 1432 1467 1499 in
1533 1452 1691 1497 casu
1753 1451 1958 1517 quem
2025 1452 2203 1497 nunc
2272 1439 2638 1499 tractamus
2690 1428 2827 1498 hoc
2876 1431 3205 1521 temporis
3257 1439 3599 1499 momento

554 1527 933 1628 necessario
985 1581 1132 1627 esse
1184 1558 1429 1626 debeat
1480 1554 1630 1623 l:
1661 1547 1705 1620 l'
1723 1602 1745 1640 ,
1798 1556 2064 1624 elicitur
2115 1578 2197 1625 ex
2247 1557 2763 1648 aequationibus
2814 1556 3375 1650 praecedentibus

1863 1700 1958 1774 H'
2008 1733 2101 1771 Ξ
2157 1708 2235 1776 Π

754 1857 983 1943 Quum
1052 1857 1129 1954 V,
1193 1866 1398 1947 atque
1474 1855 1537 1923 V
1532 1849 1568 1955 ,'
1634 1857 1959 1926 denotent
2026 1868 2429 1952 argumenta
2478 1857 2854 1927 latitudinis
2870 1905 2891 1942 ,
2967 1878 3144 1946 quae
3194 1855 3422 1925 locum
3470 1857 3600 1924 ha·-

554 1984 791 2050 berent
810 2031 832 2067 ‚
902 1985 957 2051 si
1028 2006 1316 2077 corpora
1383 2005 1457 2051 m
1524 1992 1593 2052 et
1641 1976 1730 2050 m'
1782 1984 1853 2052 in
1901 1985 2174 2080 plano
2226 1984 2739 2054 invariabili
2791 2008 2865 2054 se
2915 1993 3298 2069 moverent,
3377 1982 3460 2049 H
3503 1991 3603 2050 est

554 2108 914 2201 longitudo
965 2107 1130 2178 nodi
1180 2108 1605 2179 ascendentis
1654 2133 1704 2202 p
1724 2110 1808 2177 la
1823 2111 1907 2179 ni
1958 2112 1981 2178 i
2001 2134 2047 2180 n
2064 2136 2107 2180 v
2121 2136 2161 2180 a
2180 2113 2359 2180 riab
2376 2113 2400 2179 i
2418 2111 2526 2179 lis
2589 2132 2743 2178 cum
2791 2111 3006 2204 plano
3055 2110 3510 2200 proiectionis.

2003 2380 2125 2457 34.

752 2531 831 2600 si
879 2534 1206 2603 formulas
1257 2537 1535 2607 intueris
1555 2588 1574 2623 ‚
1648 2539 1890 2628 quibus
1943 2538 2443 2631 longitudinem
2492 2536 2880 2619 reductam,
2943 2532 3408 2618 latitudinem,
3490 2533 3598 2600 lo—

548 2655 968 2750 garithmum
1050 2661 1221 2730 radii
1303 2666 1593 2733 vectoris
1663 2687 2030 2754 eorumque
2093 2665 2640 2757 perturbationes
2704 2662 2777 2731 in
2847 2661 2982 2731 h'ac
3034 2661 3600 2729 commentatione

551 2782 1185 2869 determinavimus,
1262 2788 1468 2857 facile
1513 2789 1775 2859 videbis
1830 2801 2215 2860 constantes
2263 2809 2317 2859 π
2368 2796 2439 2860 et
2487 2783 2556 2859 d
2569 2841 2590 2877 ,
2670 2804 2838 2879 quas
2890 2790 2962 2856 in
3013 2796 3133 2856 art.
3190 2786 3304 2858 13.
3355 2787 3426 2853 in
3473 2809 3597 2854 va—

546 2907 804 2979 loribus
874 2911 1174 3003 ipsarum
1241 2932 1303 3014 v,
1374 2923 1576 3005 atque
1627 2908 1708 3015 υ]
1757 2892 2247 2987 innodufimus
2265 2969 2284 3005 ‚
2378 2940 2461 2987 ex
2508 2916 2818 2987 formulis
2872 2914 3181 2984 omnibus
3234 2914 3601 3000 evanuisse,

548 3055 772 3125 neque
823 3037 1148 3106 formulas
1201 3039 1326 3108 has
1382 3053 1763 3112 constantes
1819 3042 1940 3134 (φ)
1996 3053 2199 3135 atque
2255 3042 2372 3134 (φ)
2429 3046 2794 3113 continere.
2898 3039 3304 3110 Constantes
3336 3063 3500 3108 vero
3530 3040 3600 3108 in

548 3158 659 3229 his
720 3162 1028 3232 formulis
1099 3166 1458 3235 existentes
1476 3217 1495 3253 ,
1561 3193 1735 3259 quae
1797 3170 2074 3258 quidem
2138 3193 2278 3237 non
2341 3171 2472 3237 nisi
2536 3168 3118 3238 observationibus
3171 3166 3602 3235 determinari

551 3299 841 3378 possunt
860 3335 880 3373 ‚
934 3301 1090 3359 sunt
1143 3290 1255 3379 (η)
1274 3340 1293 3375 ,
1346 3287 1515 3381 (π’),
1568 3293 1682 3382 (α)
1702 3344 1722 3378 ,
1777 3287 1950 3380 (α’),
2005 3293 2110 3382 (ε)
2131 3341 2151 3377 ,
2205 3288 2328 3381 (e')
2349 3342 2368 3377 ‚
2423 3293 2560 3382 (Ιι),
2615 3290 2772 3383 (Η),
2826 3292 2957 3383 (c),
3011 3287 3157 3381 (θ’),
3207 3313 3267 3377 v,
3318 3288 3382 3377 k,
3434 3288 3602 3379 (1),

555 3410 657 3497 Γ,
718 3414 781 3480 Θ
834 3423 903 3482 et
957 3414 1067 3496 fl,
1118 3438 1400 3504 quarum
1452 3439 1613 3487 vero
1668 3416 1822 3504 (a),
1877 3411 2036 3504 (α’),
2094 3416 2206 3506 (In)
2262 3425 2469 3505 atque
2522 3412 2653 3507 (h')
2708 3443 2747 3488 e
2797 3419 3074 3507 reliquis
3125 3419 3223 3485 ita
3271 3416 3603 3510 pendent,

556 3543 630 3601 ut
680 3537 766 3602 sit

1561 3683 1810 3773 ffl—
1720 3708 1813 3720 —
1864 3634 2460 3799 (ΛΜ-..Μῦς

1560 3887 1692 3981 (a')
1720 3918 1812 3955 Ξ
1962 3868 2004 3909 κ
2024 3748 2153 3923 (Ιὶῗ
2148 3745 2320 3911 31·-
2239 3857 2303 3906 m
2302 3837 2398 3922 )
2430 3844 2467 3914 ξ

2078 3935 2231 4029 (n52

1721 4129 1814 4167 =

1724 4337 1816 4375 =
1869 4257 2140 4447 (πεῖ

554 4500 843 4570 Restant
903 4503 1112 4596 igitur
1128 4548 1147 4586 ‚
1227 4506 1285 4569 si
1353 4526 1607 4572 massas
1676 4526 1813 4574 non
1879 4505 2280 4574 adnumeras
2297 4554 2317 4590 ‚
2405 4505 2989 4576 observationibus
3055 4501 3609 4576 determinandae

557 4625 918 4694 duodecim
969 4635 1353 4697 constantes
1402 4629 1969 4720 independentes‚
2055 4633 2129 4700 id
2181 4632 2368 4723 quod
2438 4655 2629 4722 secus
2697 4655 2771 4702 se
2834 4634 3092 4704 habere
3161 4656 3298 4702 uon
3363 4634 3611 4721 potest·

556 4747 986 4842 significatio
1033 4752 1273 4822 harum
1339 4758 1790 4827 constantium
1806 4807 1827 4844 ,
1899 4781 2104 4847 quam
2153 4766 2394 4849 repeto
2411 4806 2430 4842 ,
2483 4770 2586 4828 est
2633 4758 2845 4829 haec:

2678 4884 2847 4960 16*
