4773 5892
2642 366 2756 456 74

1181 599 1514 667 eissimam
1581 595 1746 687 (τὴν
1769 588 1860 691 4-
1889 593 1995 683 (e)
2061 593 2219 660 loeo
2277 587 2460 680 (⁷1)ss
2518 587 2835 657 substitui
2901 610 3126 680 posse.
3242 589 3497 672 Porro,
3567 588 3765 656 factis
3827 586 3913 674 h,
3982 582 4023 668 ξ
4071 598 4138 656 et
4190 610 4234 680 η

1182 723 1392 790 cifrae
1455 723 1846 811 aequalibus
1861 770 1882 807 ‚
1946 719 2263 809 aequatio
2333 716 2499 807 (27)
2567 723 2934 802 monstrat,
3014 715 3166 783 fieri
3229 737 3503 805 quoque
3555 712 3662 803 (β)
3691 738 3791 777 =
3827 735 3904 801 o,
3985 716 4238 804 itaque,

1181 871 1391 938 quum
1440 850 1483 938 β
1531 849 1683 940 ipsa
1732 848 1821 917 sit
1869 848 2209 937 quantitas
2262 844 2567 914 eiusdem
2618 841 2872 910 ordinis
2922 863 3004 908 ae
3052 841 3153 909 vis
3203 841 3629 933 perturbans,
3679 841 3754 907 in
3791 843 4232 934 approxima-

1182 976 1368 1043 tione
1417 975 1637 1066 prima
1685 974 1846 1063 β.---
1878 994 1919 1039 ο
1969 971 2294 1064 ponenda
2347 979 2485 1056 est,
2573 978 2641 1035 et
2717 956 2921 1034 simili
2971 966 3181 1033 modo
3234 966 3734 1035 demonstratur
3783 969 3854 1035 in
3906 968 4236 1061 approxi-

1182 1102 1477 1168 matione
1540 1101 1763 1191 prima
1833 1095 1898 1167 S
1921 1125 2011 1162 τ..-
2040 1121 2082 1166 o
2148 1107 2217 1166 et
2281 1120 2312 1164 ε
2348 1122 2441 1160 =
2470 1116 2513 1163 o
2580 1093 2936 1186 ponendas
3005 1116 3170 1161 esse.
3290 1094 3521 1178 Quum
3583 1093 3741 1161 loco
3810 1092 3985 1184 (n)z
4054 1107 4124 1165 et
4173 1117 4239 1163 w

1181 1227 1441 1294 valores
1508 1225 1645 1292 illis
1716 1224 2057 1293 valor-ibus
2124 1222 2400 1315 analogi
2477 1219 2923 1288 substituendi
2975 1221 3106 1287 sint
3122 1270 3143 1305 ‚
3226 1221 3297 1288 in
3361 1221 3952 1312 approximatione
4015 1222 4237 1312 prima

1183 1351 1347 1441 (πμ
1372 1346 1464 1445 -Ι-
1495 1348 1601 1439 (c)
1654 1350 1812 1419 Ioco
1865 1347 2038 1439 (ωε
2086 1357 2156 1416 et
2207 1349 2377 1416 eifra
2425 1348 2578 1438 ipsa
2627 1347 2785 1413 loeo
2833 1368 2901 1413 w
2949 1347 3245 1438 ponitur.
3363 1347 3592 1431 Quum
3634 1370 3798 1415 vero
3851 1341 3981 1436 (η’)
3997 1341 4080 1434 z'‚
4129 1342 4237 1430 ω’,

1169 1471 1248 1572 p'
1304 1486 1373 1547 et
1424 1470 1488 1568 q'
1553 1478 1689 1545 sint
1737 1479 2150 1567 quantitates
2215 1484 2420 1544 notae
2447 1523 2465 1559 ,
2550 1472 2779 1542 statim
2848 1472 3113 1540 valores
3192 1495 3421 1540 earum
3471 1474 3777 1566 integros
3833 1473 4236 1541 substituere

1181 1605 1419 1673 liceret
1437 1652 1457 1688 ‚
1532 1604 1664 1672 nisi
1708 1605 1810 1673 rei
1857 1601 2638 1673 accommodatissimum
2690 1606 2901 1684 esset,
2969 1598 3126 1665 loco
3177 1598 3421 1667 harum
3472 1601 3924 1690 quantitatum
3971 1600 4237 1668 valores

1181 1731 1320 1799 illis
1369 1732 1712 1800 valoribus
1762 1733 2092 1824 analogos
2145 1729 2566 1798 substituere.
2681 1726 2999 1814 Denique
3073 1726 3387 1813 aequatio
3439 1726 3607 1816 (31)
3664 1725 4066 1819 suppeditat
4118 1727 4241 1793 sub

1177 1891 1422 1961 iisdem
1472 1892 1972 1962 conditionibus
2022 1850 2101 1997 ’ἐξ
2129 1916 2222 1969 =
2254 1891 2322 1961 1.
2472 1886 2835 1981 Congestis
2900 1884 3009 1954 his
3078 1887 3424 1975 omnibus,
3506 1889 3576 1955 in
3642 1885 4237 1978 approximatione

1182 2042 1403 2136 prima
1451 2045 1648 2113 nobis
1699 2040 2097 2137 ponendum
2148 2051 2284 2112 est:
2342 2087 2349 2117 ι

2495 2213 2667 2304 (νύξ
2730 2238 2820 2314 Ξ,
2869 2237 2912 2305 ν

2495 2338 2663 2429 (ng
2730 2364 2823 2402 z
2870 2360 2933 2432 g

2496 2457 2831 2555 (n'Jz'=
2877 2458 2955 2557 ε’

2736 2610 2922 2658 :⁶0

2618 2737 2687 2785 w
2736 2743 2827 2778 =
2880 2737 2922 2782 0

2618 2835 2834 2910 w'z:
2884 2861 2925 2906 ο

2483 2960 2690 3058 ,δή-ε
2741 2988 2834 3026 =
2887 2986 2929 3030 o

2599 3084 2837 3197 1¹3:
2891 3131 2932 3204 1

2607 3191 2686 3253 dv

1188 3303 1299 3370 ubi
1426 3307 1457 3312 '‘

2348 3451 2388 3518 ν
2457 3452 2550 3490 =
2603 3425 2717 3516 (π)
2736 3448 2774 3493 v
2838 3421 2930 3522 4-
2983 3425 3096 3515 (c)

2338 3575 2402 3647 g
2464 3580 2558 3617 =
2609 3553 2722 3644 (π)
2739 3561 2768 3620 t
2844 3552 2934 3648 -{-
2987 3552 3093 3642 (c)

2205 3679 2213 3686 ’
2336 3672 2418 3770 g'
2468 3704 2560 3742 =
2613 3672 2795 3768 (²131
2839 3675 2932 3774 -Ι-
2984 3673 3110 3767 (c')

1389 3853 1685 3937 Quinam
1733 3850 1998 3920 valores
2051 3853 2122 3920 in
2172 3855 2767 3945 approximatione
2816 3855 3041 3946 prima
3096 3865 3166 3923 et
3217 3855 3779 3945 subsequentibus
3833 3857 4001 3947 ipsis
4041 3877 4122 3947 p,
4175 3877 4241 3943 q,

1182 3973 1254 4071 μ’
1276 4026 1297 4065 ,
1347 3972 1446 4069 q‘,
1511 3977 1920 4062 attribuendi
1988 3979 2157 4065 sint,
2240 3980 2419 4049 infra
2484 3981 3075 4051 demonstrabitur.
3194 3981 3458 4065 Quibus
3525 3983 3865 4051 valor-ibus
3933 3979 4243 4048 omnibus

1194 4105 1567 4174 substitutis
1583 4153 1604 4192 ‚
1655 4106 2091 4195 aequationes
2144 4106 2633 4177 differentiales
2686 4116 2958 4176 nostrae
3008 4106 3389 4175 functiones
3443 4108 3740 4176 evadunt
3789 4106 4243 4175 constantium

1193 4228 1309 4318 (a)
1324 4279 1343 4315 ‚
1396 4228 1507 4319 (n)
1527 4280 1545 4315 ‚
1597 4229 1703 4321 (e)
1758 4242 1885 4301 ete.
1937 4242 2007 4301 et
2054 4234 2478 4316 variabilium
2527 4234 3136 4326 independentium
3182 4255 3222 4301 v
3273 4242 3344 4301 et
3394 4240 3441 4300 t.
3547 4234 3676 4302 His
3725 4232 4236 4322 aequationibus

1192 4357 1576 4448 integratis,
1611 4418 1616 4424 .
1658 4369 2042 4428 constantes
2107 4361 2500 4430 arbitrariae
2564 4361 2843 4429 additae
2892 4360 2990 4427 ita
3041 4359 3597 4428 determinandae
3648 4369 3836 4443 sunt,
3886 4369 3996 4444 ut,
4049 4358 4243 4428 dele·

1191 4484 1275 4550 tis
1326 4482 1624 4550 terminis
1678 4507 1719 4548 a
1767 4485 1838 4550 vi
1882 4487 2307 4576 perturbanti
2356 4487 2643 4578 prolatis
2661 4537 2681 4573 ,
2761 4485 3022 4554 valores
3073 4509 3247 4577 pure
3299 4486 3586 4578 elliptici
3639 4485 4065 4553 variabilium
4115 4508 4239 4554 no-

1191 4618 1475 4677 strarum
1521 4605 1925 4678 redundent.
2010 4612 2267 4702 ltaque
2316 4613 2407 4680 ad
2449 4614 2753 4681 valorem
2803 4611 3014 4702 ipsius
3068 4608 3183 4699 (n)
3201 4611 3242 4695 ζ
3285 4612 3408 4678 tali
3458 4610 3666 4679 modo
3707 4611 4056 4680 inventum
4088 4622 4239 4680 tan-

1193 4756 1393 4821 quam
1458 4743 1772 4802 constans
1826 4734 2172 4804 arbitraria
2237 4739 2396 4808 addi
2453 4739 2657 4807 debet
2706 4738 2899 4806 valor
2947 4735 3159 4827 ipsius
3216 4733 3327 4821 (n)
3346 4734 3448 4821 (ζ)
3471 4783 3489 4812 .
3543 4736 3660 4824 qui
3713 4760 3841 4829 per
3892 4741 4239 4828 aequatio—
