4773 5892
1965 360 2079 450 73

501 589 639 660 illis
710 586 1245 680 dependentium
1309 594 1382 656 et
1442 585 1823 656 functiones
1886 581 2314 654 variabilium
2375 579 2802 675 cognitarum
2862 570 2921 644 ε’
2938 625 2961 665 ,
3024 570 3111 646 ω’
3129 626 3152 666 ,
3203 571 3282 672 p'
3344 582 3417 649 et
3480 574 3549 673 ς’

500 717 728 786 factae
794 724 949 785 sunt
975 711 1052 804 ³⁰¹)
1068 764 1089 801 ,
1160 722 1228 783 et
1292 721 1647 808 praeterea
1711 710 2150 781 solummodo*
2210 716 2595 778 constantes
2646 701 2762 795 (a)
2777 752 2799 791 ,
2869 701 2983 792 (n)
2998 753 3019 789 ,
3072 701 3214 793 (e),
3267 702 3383 794 (h)
3401 753 3424 794 ,
3472 720 3548 795 σε,

510 835 641 931 (α’)
661 891 685 928 ,
737 833 893 931 (n'),
945 832 1069 930 (ε’)
1120 849 1191 909 et
1237 832 1328 927 π’,
1379 862 1662 929 quarum
1707 839 1975 910 valores
2023 836 2402 908 numericos
2453 833 2652 904 datos
2703 852 2852 901 esse
2900 832 3329 925 supponitur,
3379 852 3547 903 con-

506 966 743 1038 tinent.

1960 1187 2079 1265 18.

712 1342 943 1429 Quum
986 1318 1078 1410 in
1138 1341 1650 1432 aequationibus
1718 1340 2278 1411 differentialibus
2350 1339 2562 1411 modo
2612 1338 2971 1432 descriptis
3019 1339 3377 1411 variabiles
3425 1340 3553 1411 tali

430 1544 441 1559 ,
512 1467 720 1540 modo
770 1469 1078 1561 illigatae
1129 1467 1295 1554 sint,
1347 1479 1424 1536 ut
1473 1470 1906 1560 aequationes
1956 1469 2090 1537 hae
2142 1468 2401 1537 directe
2447 1467 2770 1561 integrari
2819 1474 3158 1555 nequeant
3176 1515 3196 1553 ,
3247 1468 3337 1535 ad
3385 1467 3551 1559 plu-

510 1619 619 1665 res
672 1594 995 1687 deinceps
1046 1594 1669 1686 approximationes
1720 1595 1917 1663 nobis
1967 1595 2446 1689 refugiendum
2497 1602 2620 1664 est.
2738 1593 3204 1679 Quamobrem
3267 1592 3356 1661 ab
3418 1593 3552 1660 ini-

509 1723 611 1789 tio
658 1721 921 1790 valores
970 1721 1396 1788 variabilium
1442 1720 1983 1815 indagandamm
2035 1722 2180 1792 dari
2232 1721 2484 1790 debent
2499 1770 2520 1809 ,
2598 1720 2717 1811 qui
2767 1742 2810 1787 a
2857 1721 3034 1789 veris
3082 1742 3314 1787 earum
3356 1718 3552 1789 valo-

508 1848 692 1917 ribus
762 1868 902 1917 non
964 1847 1094 1915 nisi
1160 1848 1536 1939 quantitate
1584 1847 1791 1938 primi
1860 1848 2113 1916 ordinis
2187 1855 2514 1940 respectu·
2533 1847 2651 1916 ¹vis
2699 1846 3157 1937 perturbantis
3210 1846 3557 1928 aberrant3

505 1973 748 2065 quibus
820 1973 1194 2042 substitutis
1210 2024 1230 2062 ,
1298 1973 1753 2067 integratione
1820 1976 2296 2063 aequationum
2346 1973 2898 2043 differentialium
2945 1974 3211 2041 valores
3261 1972 3557 2040 variabi-

502 2099 673 2171 lium
737 2099 1132 2168 obtinentur
1149 2150 1170 2187 ,
1264 2101 1382 2189 qui
1446 2122 1487 2168 a
1535 2100 1710 2169 veris
1759 2122 1899 2170 non
1945 2102 2077 2170 nisi
2126 2102 2503 2192 quantitate
2554 2098 2832 2168 secundi
2882 2097 3137 2166 ordinis
3207 2097 3555 2184 differunt,

506 2235 577 2295 et
622 2226 763 2295 hoc
814 2224 1079 2294 calculo
1129 2227 1631 2317 approximatio
1682 2228 1907 2319 prima
1953 2236 2235 2320 peracta
2286 2227 2433 2296 erit.
2547 2225 2837 2293 Valores
2887 2223 3335 2310 variabilium,
3385 2246 3558 2312 quos

508 2351 1012 2443 approximatio
1060 2352 1285 2444 prima
1335 2353 1857 2445 suppeditabat,
1934 2376 2145 2443 quum
2206 2375 2346 2421 non
2395 2351 2526 2419 nisi
2574 2350 3060 2440 quantitatibus
3113 2347 3391 2417 secundi
3442 2371 3557 2418 or-

509 2476 688 2546 dinis
758 2500 800 2545 a
864 2477 1037 2546 veris
1103 2501 1334 2546 earum
1396 2478 1740 2547 valoribus
1794 2478 2049 2547 distent
2063 2530 2084 2566 ,
2162 2477 2253 2547 ad
2303 2477 2965 2569 approximationem
3016 2476 3382 2544 secundam
3431 2474 3559 2544 ab-

512 2602 913 2673 solvendam
976 2604 1047 2671 in
1115 2604 1626 2694 aequationibus
1695 2606 1940 2675 nostris
1993 2602 2558 2674 differentialibus
2608 2602 3057 2671 substituendi
3109 2610 3264 2670 sunt
3279 2651 3301 2690 ,
3375 2601 3561 2672 unde

506 2738 671 2825 post
720 2730 1205 2823 integrationes
1260 2740 1574 2822 peractas
1623 2731 1888 2801 valores
1940 2731 2364 2800 variabilium
2418 2728 2696 2798 exibunt
2710 2778 2731 2815 ,
2808 2749 3095 2817 quorum
3147 2749 3333 2797 error
3378 2728 3562 2797 tertii

507 2855 761 2925 ordinis
813 2864 949 2938 est3
1012 2864 1082 2923 et
1134 2856 1379 2924 eodem
1430 2855 1637 2924 modo
1691 2858 2315 2951 approximationes
2368 2855 2850 2943 subsequentes
2903 2853 3364 2921 absolvuntur.

708 2982 822 3052 Ad
866 2982 1160 3075 primam
1208 2982 1420 3075 igitur
1470 2985 2133 3075 approximationem
2183 2981 2673 3050 absolvendam
2722 2980 2987 3049 valores
3038 2980 3466 3051 variabilium
3514 3003 3559 3048 a

506 3106 681 3175 veris
734 3129 967 3176 earum
1015 3107 1365 3180 valoribus„
1406 3112 1782 3199 quantitate
1830 3111 2036 3202 primi
2085 3109 2337 3177 ordinis
2407 3114 2722 3198 respectu
2785 3106 2889 3176 vis
2937 3106 3396 3198 perturbantis
3449 3103 3557 3173 di·-

508 3239 800 3320 stantes,
863 3240 942 3301 ut
991 3233 1131 3302 dixi
1149 3284 1170 3321 ,
1239 3236 1502 3327 cogniti
1553 3259 1702 3304 esse
1754 3234 2042 3316 debent3
2108 3234 2284 3301 haec
2334 3233 2484 3301 sola
2536 3231 2837 3299 conditio
2889 3240 3027 3317 est,
3097 3240 3168 3301 et
3216 3230 3560 3321 quantita-

507 3365 610 3425 tes
663 3358 1034 3447 quaslibet,
1103 3359 1473 3429 dummodo
1523 3359 1690 3428 huic
1748 3358 1880 3426 soli
1929 3356 2303 3425 conditioni
2352 3355 2804 3442 satisfaciant,
2884 3357 3289 3446 substituere
3361 3357 3558 3425 nobis

510 3481 694 3549 licet.
3220 3485 3226 3489 ’

710 3604 861 3673 Iam
908 3606 1223 3695 aequatio
1274 3603 1441 3695 (26)
1493 3604 1894 3699 suppeditat
1940 3603 2241 3673 valorem
2290 3606 2633 3699 integrum
2678 3604 2893 3708 ipsius
2946 3603 3057 3695 (n)
3077 3604 3133 3691 ζ,
3184 3606 3302 3695 qui
3326 3604 3560 3675 locum

511 3727 758 3816 habet,
809 3731 1075 3821 quoties
1125 3732 1225 3801 vis
1273 3734 1675 3826 perturbans
1731 3732 2092 3816 evanescit,
2141 3732 2261 3819 qui
2306 3732 2502 3800 valor
2550 3732 2810 3800 functio
2858 3733 3159 3823 ipsarum
3211 3728 3275 3819 b,
3327 3724 3368 3814 ξ
3406 3738 3476 3800 et
3512 3753 3559 3825 η

511 3862 634 3922 est.
731 3856 888 3925 Sed.
927 3880 1136 3946 quum
1186 3880 1609 3950 supponam,
1671 3859 1857 3950 ipsas
1925 3854 2003 3944 b,
2054 3849 2097 3938 ξ
2142 3863 2213 3924 et
2260 3877 2307 3948 η
2357 3879 2505 3924 esse
2554 3859 2963 3947 quantitates
3016 3857 3317 3927 eiusdem
3369 3857 3557 3925 ordi-

511 3977 617 4048 nis
669 4002 750 4048 ac
797 3980 938 4048 vim
989 3984 1521 4073 perturbantem,
1570 3984 1764 4052 valor
1805 4005 2079 4073 quoque
2104 3983 2639 4074 simplicissimus
2672 3983 2785 4074 (n)
2801 4006 2839 4051 τ
2866 3981 2958 4078 -ὶ-
2985 3982 3089 4074 (c)
3122 3984 3336 4075 ipsius
3368 3980 3479 4071 (n)
3498 3980 3558 4070 ζ,

511 4105 633 4193 qui
702 4114 1047 4195 nascetur,
1131 4109 1188 4177 si
1252 4106 1331 4196 b,
1394 4101 1435 4191 ξ
1497 4117 1567 4179 et
1628 4133 1674 4203 η
1740 4110 1951 4177 cifrae
2013 4110 2329 4200 aequales
2392 4110 2659 4202 positae
2723 4111 3009 4196 fuerint,
3087 4133 3128 4176 a
3189 4130 3350 4177 vero
3371 4097 3391 4116 ⁸
3415 4109 3557 4178 eius

516 4231 750 4302 valore
815 4255 956 4301 non
1015 4235 1147 4303 nisi
1210 4236 1585 4327 quantitate
1633 4235 1839 4328 primi
1891 4234 2145 4304 ordinis
2197 4235 2465 4324 differt,
2537 4235 2769 4324 itaque
2836 4233 3209 4301 conditioni
3270 4233 3556 4323 requisi·-

518 4367 627 4427 tae
680 4361 1026 4429 satisfacit.
1128 4360 1313 4430 Hinc
1362 4362 1663 4451 sequitur
1710 4362 1784 4430 in
1833 4360 2422 4456 approximatione
2469 4358 2694 4452 prima
2742 4360 3242 4454 expressionem
3289 4360 3555 4454 simpli-

675 4648 742 4701 ἀ.
761 4653 826 4719 9²

713 4751 784 4806 dt

591 4700 643 4767 ')
838 4700 1005 4776 ‚enim
1041 4721 1139 4762 sun
1169 4712 1355 4777 sponte
1389 4705 1714 4764 functionem
1749 4707 1916 4764 sonus
1949 4725 2012 4780 9,
2047 4704 2229 4777 itaque
2259 4702 2593 4760 functionem
2622 4701 2862 4775 ipsarum
2894 4704 2927 4773 ζ
2956 4708 3011 4760 d
3043 4702 3115 4778 β,
3147 4717 3206 4759 ιο
3224 4702 3484 4771 praestat·

2716 4854 2816 4929 10
