4773 5892
2535 404 2898 468 xvm.

1214 695 1348 761 Art.
1373 699 1474 755 22.
1557 689 1948 771 Aequationes
1985 689 2393 756 differentiales
2433 713 2540 772 pro
2573 691 2717 771 ipsis
2757 693 2829 772 P,
2850 734 2871 769 ,
2914 694 2987 774 Q,
3002 736 3025 768 ,
3064 693 3152 774 K,
3190 692 3439 774 perfecte
3476 692 3835 778 integrantur
3987 744 4007 764 .
4071 620 4210 760 Ῑ’38183

1215 816 1351 880 Art.
1381 822 1481 881 23.
1563 812 1823 879 Termini
1861 834 1967 895 per
2003 826 2231 895 tempus
2274 814 2466 896 ipsum
2501 812 2859 893 multiplicati
2883 815 3181 879 ‚tolluntur
3296 860 4010 888 ......
4087 827 4210 883 315

1127 938 1141 967 ⁸
1215 938 1347 1002 Art.
1372 945 1481 1002 24.
1559 934 1936 1016 Computatio
1973 935 2223 1017 ipsarum
2260 960 2339 1022 p,
2382 961 2456 1022 q,
2497 946 2608 1000 etc.
2647 935 2959 1015 explicatur
3139 983 3998 1006 .......
4083 949 4205 1003 318

1215 1061 1416 1133 §.1V.
1496 1060 1603 1120 De
1645 1058 2238 1142 significatione
2280 1057 3100 1139 determinationeque
3140 1058 3647 1123 constantium
3686 1060 4003 1125 arbitra-

1336 1154 1624 1218 riarum
1665 1154 1740 1217 in
1779 1156 2307 1240 integralibus
2347 1156 2977 1234 praecedentibus
3016 1157 3631 1222 introductarum
3702 1207 3717 1224 .
3840 1207 3859 1226 .
3982 1207 4001 1228 .
4082 1168 4203 1221 318

1222 1276 1381 1343 Artt.
1411 1280 1493 1337 25
1522 1290 1582 1339 et
1607 1282 1709 1342 26.
1791 1275 2138 1349 Constantes
2182 1277 2510 1340 arbitrariae
2551 1280 2668 1357 Γ,
2715 1280 2821 1363 Γο
2838 1324 2857 1352 ,
2899 1290 3015 1347 etc.
3059 1282 3179 1361 Θ,
3223 1281 3364 1360 Θοο,
3374 1282 3547 1360 ’Θ’,
3601 1293 3710 1349 etc.
3751 1282 3825 1342 ad
3864 1281 4004 1348 duas

1339 1377 1421 1456 Γ
1463 1385 1637 1453 atque
1680 1376 1759 1457 Θ
1799 1374 2150 1438 reducuntur
2295 1419 3303 1446 ........
3429 1422 3444 1440 .
3568 1429 3581 1442 .
3708 1425 3726 1442 .
3849 1425 3867 1442 .
3992 1426 4009 1441 .
4088 1385 4207 1439 318

1220 1498 1354 1561 Art.
1392 1502 1495 1566 27.
1576 1493 2659 1580 Significatiocomtantiumratque
2700 1498 2779 1578 Q,
2822 1496 3125 1580 indagatur
3280 1548 3299 1567 .
3423 1547 3439 1562 .
3705 1552 3724 1569 .
3847 1549 3863 1566 .
3990 1545 4008 1562 .
4088 1508 4211 1564 322

1224 1618 1357 1685 Art.
1387 1628 1488 1685 28.
1564 1588 1921 1703 significatio
1960 1619 2307 1699 reliquarum
2346 1617 2727 1681 constantium
2767 1618 3190 1682 arbitrariamm
3225 1619 3611 1704 investigatur
3709 1667 3725 1682 .
3849 1670 3864 1685 .
3988 1670 4006 1687 .
4090 1632 4211 1687 324

1220 1743 1352 1808 Art.
1384 1750 1484 1807 29.
1564 1741 1985 1805 Determinatio
2042 1740 2426 1805 constantium
2486 1738 2909 1861 arbitrariamm
2948 1740 3279 1865 adiumento
3318 1741 3782 1805 observationum
3824 1755 4004 1807 astro-

1344 1838 1697 1904 nomicarum
1735 1839 2047 1920 explicatur
2160 1882 4007 1909 ..............
4088 1847 4205 1903 327

1224 1961 1359 2027 Art.
1388 1971 1492 2030 80.
1574 1964 1663 2025 Ex
1701 1960 2071 2042 problematis
2111 1974 2358 2039 quatuor
2397 1979 2698 2039 corporum
2728 1958 3040 2035 solutione,
3081 1981 3249 2039 qnam
3271 1962 3663 2039 praecedentia
3692 1962 4006 2035 continent,

1346 2059 1609 2124 abstissis
1660 2059 1925 2123 terminis
1979 2060 2052 2121 ad
2107 2071 2369 2137 quartum
2426 2079 2632 2137 corpus
2686 2056 3077 2135 spectantibus
3095 2102 3115 2133 ,
3165 2059 3440 2124 formulae
3493 2058 3752 2122 theoriae
3808 2060 4007 2123 Lunae

1344 2157 1794 2223 fundamentales
1810 2203 1830 2232 ,
1870 2175 2018 2237 quae
2056 2153 2118 2218 in
2155 2154 2518 2223 Sectionibus
2556 2153 3025 2235 praecedentibus
3064 2155 3232 2220 datae
3271 2166 3443 2233 sunt,
3482 2156 3785 2222 eliciuntur
3848 2204 3866 2223 .
3990 2208 4008 2224 .
4092 2165 4209 2221 329

2182 2712 3154 2750 —-—-----—--———-
