4773 5892
1185 628 1256 691 in
1337 626 1769 715 expressione
1849 618 2295 712 praecedeuti
2358 621 2588 713 ipsius¹
2643 619 2766 708 Μ,
2841 619 3012 695 dnm
3079 640 3351 712 semper
3420 619 3693 693 termini
3767 622 3874 701 in,³
3909 623 4162 711 qdbus
4228 648 4271 692 x

1187 750 1402 823 maior
1467 758 1571 825 est
1636 733 1869 838 quam]
1900 758 1984 812 ss
2019 748 2058 821 1,
2123 747 2562 837 omittuntur,
2647 751 2799 841 ipsa
2866 745 2965 816 M
3019 747 3166 817 erit
3187 746 3473 843 functio
3541 746 3756 825 solius
3819 748 4165 827 variabilis
4219 758 4270 851 t,

1187 900 1365 968 quae
1415 876 1714 944 terminis
1765 874 1972 968 primi
2025 874 2300 989 ordinis,
2354 898 2642 995 quorum
2695 881 3095 969 argumenta
3145 874 3331 964 ipsas
3382 893 3463 963 g,
3514 865 3630 964 g'
3647 883 3715 942 et
3763 868 3856 966 g''
3908 898 4048 969 non
4107 899 4272 945 con-

1186 1005 1445 1089 tinent,
1499 1012 1713 1097 caret,
1757 1009 1827 1069 et
1877 1022 2093 1097 usque
2128 1002 2235 1070 ad
2286 986 2698 1091 quantitates
2741 1001 2933 1067 tertii
2985 998 3239 1068 ordinis
3294 1009 3609 1066 accurata
3661 1008 3784 1101 est,
3884 1001 4272 1071 Substituto

1191 1131 1327 1197 hoc
1395 1130 1633 1198 valore
1698 1130 1907 1221 ipsius
1974 1128 2073 1197 M
2128 1130 2197 1197 in
2251 1130 2689 1221 expressione
2717 1116 2963 1225 (51),
3058 1104 3221 1221 post
3270 1122 3759 1231 integrationes
3811 1116 4124 1218 peractas
4187 1116 4277 1194 W

1161 1241 1405 1363 'usque
1461 1257 1549 1324 ad
1601 1257 2012 1347 quantitates
2063 1257 2248 1324 tertii
2300 1256 2555 1325 ordinis
2609 1265 2992 1323 accuratam
3040 1252 3367 1338 habebis,
3421 1262 3524 1339 et,
3576 1253 4007 1343 theoremate
4047 1264 4167 1322 art·
4191 1250 4268 1330 9.

1130 1462 1133 1469 Δ
1192 1380 1375 1450 Sect.
1429 1383 1547 1451 lv.
1614 1385 1684 1450 in
1748 1405 1944 1467 usum
2006 1392 2291 1466 vocato,
2368 1364 2760 1452 adiumento
2811 1381 3256 1452 formularum
3307 1375 3441 1495 (7)
3496 1378 3630 1448 miz
3683 1360 3886 1471 atque
3938 1404 4005 1448 w
4054 1398 4270 1471 usque

1191 1508 1281 1576 ad
1330 1510 1742 1598 quantitates
1792 1510 1974 1576 tertii
2025 1510 2282 1578 ordinis
2335 1520 2679 1577 accuratas
2734 1510 3158 1601 computabis
3189 1504 3293 1600 *).
3395 1504 3542 1574 His
3581 1508 4107 1576 accuratioribus
4145 1531 4268 1575 va-

1191 1635 1446 1703 loribus
1516 1644 1584 1703 et
1652 1635 2044 1703 adiumento
2112 1636 2360 1703 valoris
2427 1637 2640 1727 ipsius
2694 1632 2879 1712 S÷e
2926 1659 3055 1728 per
3108 1602 3602 1739 aequationem
3638 1630 3770 1745 (8)
3824 1620 4269 1735 computandi

1190 1736 1376 1830 idem
1428 1746 1729 1830 calculus
1781 1762 2151 1852 repetitur,
2203 1784 2339 1850 quo
2396 1753 2487 1829 ad
2537 1756 2802 1830 valores‘
2852 1761 3157 1852 ipsarum
3207 1776 3335 1844 nz,
3387 1780 3491 1845 w,
3560 1769 3688 1830 etc.
3738 1760 4096 1852 pervenies
4150 1783 4266 1827 us·

1192 1908 1325 1973 que
1378 1886 1467 1954 ad
1518 1888 1929 1976 quantitates
1982 1888 2204 1977 quarti
2257 1888 2510 1955 ordinis
2565 1897 2948 1974 accuratos,
3005 1896 3073 1955 et
3125 1887 3220 1955 sic
3271 1906 3508 1977 porro.

1342 2013 1586 2082 Loco
1640 2014 2167 2105 computationis
2219 2014 2432 2082 modo
2483 2015 2898 2110 descriptae
2919 2015 3125 2085 etiam
3173 2010 3542 2085 methodus
3596 2010 4180 2083 coefficientium
4159 2033 4267 2087 ιιι-

1190 2133 1789 2247 determinatorum
1807 2187 1829 2223 ,
1916 2163 2093 2257 quae
2164 2134 2252 2205 ad
2321 2140 2695 2233 analyticas
2749 2139 3357 2265 perturbationum
3411 2136 3938 2206 coefficientium
3987 2160 4268 2230 expres-

1189 2242 1411 2328 siones
1462 2263 1830 2352 perducet,
1883 2266 1954 2347 in
2002 2287 2201 2334 usum
2251 2268 2482 2335 vocari
2532 2274 2786 2358 potest.
2890 2258 3114 2351 Quem
3165 2265 3237 2333 in
3285 2265 3492 2334 finem
3545 2288 3822 2333 necesse
3873 2274 4018 2350 est,
4070 2272 4146 2333 ut
4193 2264 4268 2331 in

1188 2382 1437 2453 calculi
1498 2387 1691 2461 initio
1755 2391 2348 2491 perturbationum
2415 2392 2755 2479 omnium,
2823 2417 2998 2481 quae
3061 2394 3222 2463 vim
3258 2392 3610 2477 habent,
3636 2400 4036 2483 argumenta
4100 2398 4267 2461 nota

1192 2510 1345 2578 sint.
1463 2512 1570 2581 Sit
1618 2515 1869 2586 horum
1920 2510 2477 2611 arg-umentorum
2525 2541 2736 2587 ιιιιιιιιι
2787 2519 3109 2608 quodque
3175 2542 3306 2610 per
3355 2516 3430 2585 A
3462 2539 3577 2585 cos
3605 2513 3807 2607 (κγ-Ι-
3825 2522 3979 2595 αῒ-Ι-
4004 2511 4086 2605 β)
4138 2514 4263 2582 de-

1192 2645 1545 2723 notatum,
1595 2636 1780 2725 unde
1829 2667 2050 2735 pones

2213 2818 2423 2887 W...-
2339 2843 2423 2855 -··
2463 2816 2605 2887 ΣΑ
2633 2839 2750 2886 cos
2779 2813 3251 2910 (κγ-Ι-αι-Ι-β)

1190 3017 1310 3090 ubi
1360 3026 1766 3114 argumenta
1816 2985 2068 3104 omnia,
2122 3042 2298 3111 quae
2350 3020 2489 3088 vim
2540 3019 2915 3104 habebunt,
2972 2999 3300 3109 explicite
3351 3015 3772 3166 apponenda
3824 3027 3996 3086 sunt.
4092 3013 4266 3104 Qui-

1186 3141 1315 3216 bus
1334 3144 1791 3250 praemissis,
1841 3168 1970 3237 per
2022 3131 2459 3236 aequationes
2516 3142 2649 3238 (7)
2701 3145 3007 3236 ipsarum
3058 3141 3285 3237 (τῇς,
3337 3168 3437 3232 w,
3491 3135 3642 3238 (n)'
3645 3169 3736 3231 z,
3768 3139 3893 3231 w',
3959 3152 4089 3213 etc.
4146 3165 4266 3212 ex-

1185 3271 1573 3360 pressiones
1641 3273 2024 3363 analyticae
2088 3283 2415 3364 tanquam
2485 3273 2869 3340 functiones
2924 3271 3449 3341 coefficientium
3503 3273 3608 3358 A,
3679 3279 3782 3358 et,
3846 3269 3956 3340 his
4007 3269 4262 3339 valori-

1184 3397 1311 3464 bus
1366 3398 1777 3485 substitutis,
1844 3399 1965 3466 illa
2016 3400 2229 3491 ipsius
2284 3398 2381 3467 M
2423 3402 2514 3467 in'
2546 3410 2668 3467 art.
2721 3401 2790 3470 7.
2846 3398 3028 3466 Sect.
3081 3377 3209 3467 111'.
3265 3401 3428 3468 data
3479 3401 3864 3492 expressio,
3947 3422 4073 3467 nec
4125 3420 4264 3466 non

1188 3523 1522 3616 analogae
1573 3525 1874 3615 ipsarum
1925 3515 2039 3591 Μ’
2101 3534 2305 3615 atque
2359 3522 2457 3591 M
2469 3528 2492 3552 ‘'
2548 3525 3016 3615 expressiones
3069 3534 3399 3617 tanquam
3451 3528 3834 3595 functiones
3889 3521 4263 3595 eorundem

1187 3648 1718 3730 coefficientium
1769 3659 1839 3715 et
1889 3652 2347 3737 quantitatum
2401 3652 2829 3743 cognitarum
2884 3651 3195 3721 exhiberi
3244 3663 3556 3744 possunt.
3675 3653 3940 3738 Quibus
4008 3650 4262 3719 valori-

1184 3773 1347 3857 buS,
1428 3797 1554 3841 nec
1620 3797 1759 3841 non
1832 3776 2290 3865 praecedente
2341 3778 2555 3867 ipsius
2617 3777 2712 3842 W
2752 3779 2985 3846 valore
3036 3780 3108 3868 in
3159 3782 3565 3871 aequatione
3620 3777 3802 3871 (51)
3857 3779 4263 3861 substitutiS,

1155 3900 1658 4012 'aequationem
1710 3900 2075 3970 identicam
2128 3903 2555 3989 nancisceriS‚
2611 3929 2746 3993 qua
2800 3906 3225 3997 singulorum
3279 3907 3809 3974 coefficientium
3860 3905 3935 3974 A
3978 3926 4260 3997 expres-

1185 4027 1406 4094 siones
1476 4027 1849 4116 analyticas
1916 4027 2218 4096 invenire
2281 4030 2560 4121 poteris.
2681 4032 2814 4099 llla
2877 4044 3110 4100 tamen
3191 4034 3558 4103 methodus
3623 4033 4035 4124 plerumque
4098 4030 4262 4097 huic

1184 4151 1636 4241 praeferenda
1683 4151 1971 4220 videtur.

1253 4391 1316 4484 ¹⁸⁵)
1350 4417 1411 4472 Si
1463 4418 1852 4485 praecisionem
1898 4419 2188 4474 maximam
2237 4422 2556 4477 brevissimo
2604 4387 2811 4479 calculo
2841 4401 3068 4494 assequi
3119 4428 3232 4492 vis,
3289 4428 3348 4482 in
3397 4429 3501 4486 hac
3536 4430 3768 4484 secunda
3789 4409 4258 4496 approximatione

1357 4502 1575 4555 termini
1610 4504 1755 4556 tertii
1790 4504 2017 4574 ordinis,
2054 4525 2282 4575 quorum
2318 4517 2636 4579 argumenta
2672 4512 2814 4583 ipsas
2849 4527 2917 4582 g,
2947 4513 3009 4583 ς’
3049 4520 3213 4582 atque
3243 4514 3322 4584 ζ’
3361 4533 3468 4572 ιιοιι
3502 4515 3818 4579 contine-t,
3841 4518 3900 4568 ot
3934 4511 4029 4581 qui
4062 4511 4120 4568 iu
4152 4510 4255 4565 hac

1356 4585 1813 4656 approximatione
1848 4591 1988 4643 eruti
2023 4599 2173 4656 sunt,
2209 4593 2385 4649 omitti
2420 4596 2645 4660 debent,
2682 4597 2728 4651 si
2757 4598 3067 4704 perparvnli
3100 4618 3209 4658 ιιοιι
3243 4609 3381 4655 sunt.

2421 4819 2422 4830 ι
2675 4823 2681 4832 ι
