<?xml version="1.0" encoding="UTF-8"?>
<!DOCTYPE html PUBLIC "-//W3C//DTD XHTML 1.0 Transitional//EN"
    "http://www.w3.org/TR/xhtml1/DTD/xhtml1-transitional.dtd">
<html xmlns="http://www.w3.org/1999/xhtml" xml:lang="en" lang="en">
 <head>
  <title>
</title>
<meta http-equiv="Content-Type" content="text/html;charset=utf-8" />
  <meta name='ocr-system' content='tesseract 3.04.00' />
  <meta name='ocr-capabilities' content='ocr_page ocr_carea ocr_par ocr_line ocrx_word'/>
</head>
<body>
  <div class='ocr_page' id='page_1' title='image "./fvndamentanovai01hansgoog_0074.png"; bbox 0 0 4773 5892; ppageno 0'>
   <div class='ocr_carea' id='block_1_1' title="bbox 2273 357 2960 739">
    <p class='ocr_par' dir='ltr' id='par_1_1' title="bbox 2273 357 2960 739">
     <span class='ocr_line' id='line_1_1' title="bbox 2635 357 2754 445; baseline 0 0"><span class='ocrx_word' id='word_1_1' title='bbox 2635 357 2754 445; x_wconf 69' lang='grc' dir='ltr'><strong>ὅθ</strong></span> 
     </span>
     <span class='ocr_line' id='line_1_2' title="bbox 2273 562 2960 739; baseline 0.004 -26"><span class='ocrx_word' id='word_1_2' title='bbox 2273 562 2960 739; x_wconf 57' lang='lat' dir='ltr'><strong>9=-‘}--l-4⁴{1-&#39;</strong></span> 
     </span>
    </p>
   </div>
   <div class='ocr_carea' id='block_1_2' title="bbox 1156 802 4207 1145">
    <p class='ocr_par' dir='ltr' id='par_1_2' title="bbox 1156 802 4207 1144">
     <span class='ocr_line' id='line_1_3' title="bbox 1284 802 3952 912; baseline -0.003 -22"><span class='ocrx_word' id='word_1_3' title='bbox 1284 864 1287 865; x_wconf 30' lang='lat' dir='ltr'><strong><em>f</em></strong></span> <span class='ocrx_word' id='word_1_4' title='bbox 1374 818 1747 912; x_wconf 62' lang='lat' dir='ltr'><strong>Expressit»</strong></span> <span class='ocrx_word' id='word_1_5' title='bbox 1795 833 1957 891; x_wconf 76' lang='lat' dir='ltr'><strong>vero</strong></span> <span class='ocrx_word' id='word_1_6' title='bbox 2005 802 2422 910; x_wconf 71' lang='lat' dir='ltr'><strong>praecedens</strong></span> <span class='ocrx_word' id='word_1_7' title='bbox 2471 836 2601 906; x_wconf 91' lang='lat' dir='ltr'><strong>pro</strong></span> <span class='ocrx_word' id='word_1_8' title='bbox 2647 812 2766 885; x_wconf 76' lang='grc' dir='ltr'><strong>ὄΤ</strong></span> <span class='ocrx_word' id='word_1_9' title='bbox 2809 812 3096 906; x_wconf 79' lang='lat' dir='ltr'><strong>praebet</strong></span> <span class='ocrx_word' id='word_1_10' title='bbox 3143 812 3449 885; x_wconf 83' lang='lat' dir='ltr'><strong>instituta</strong></span> <span class='ocrx_word' id='word_1_11' title='bbox 3498 810 3952 903; x_wconf 63' lang='lat' dir='ltr'><strong>integratione</strong></span> 
     </span>
     <span class='ocr_line' id='line_1_4' title="bbox 1156 966 4207 1145; baseline -0.004 -48"><span class='ocrx_word' id='word_1_12' title='bbox 1156 1000 1642 1147; x_wconf 54' lang='lat' dir='ltr'><strong>sqra1—÷5—-</strong></span> <span class='ocrx_word' id='word_1_13' title='bbox 1582 1112 1591 1144; x_wconf 29' lang='lat' dir='ltr'>J</span> <span class='ocrx_word' id='word_1_14' title='bbox 1652 1035 2381 1141; x_wconf 54' lang='lat' dir='ltr'><strong><em>W</em></strong></span> <span class='ocrx_word' id='word_1_15' title='bbox 2402 976 3175 1151; x_wconf 53' lang='grc' dir='ltr'><strong>σόηκνςεεψῖἕψσ·</strong></span> <span class='ocrx_word' id='word_1_16' title='bbox 3177 966 4113 1141; x_wconf 34' lang='lat' dir='ltr'><strong>(sermonum-psa),</strong></span> <span class='ocrx_word' id='word_1_17' title='bbox 4115 986 4207 1087; x_wconf 68' lang='lat' dir='ltr'><strong>o]</strong></span> 
     </span>
    </p>
   </div>
   <div class='ocr_carea' id='block_1_3' title="bbox 1160 1134 4219 1780">
    <p class='ocr_par' dir='ltr' id='par_1_3' title="bbox 1160 1134 4219 1780">
     <span class='ocr_line' id='line_1_5' title="bbox 1175 1134 4218 1275; baseline -0.004 -19"><span class='ocrx_word' id='word_1_18' title='bbox 1175 1193 1271 1273; x_wconf 87' lang='lat' dir='ltr'><strong>et</strong></span> <span class='ocrx_word' id='word_1_19' title='bbox 1266 1184 1615 1267; x_wconf 71' lang='lat' dir='ltr'><strong>similem</strong></span> <span class='ocrx_word' id='word_1_20' title='bbox 1635 1180 2138 1275; x_wconf 68' lang='lat' dir='ltr'>expressionem</span> <span class='ocrx_word' id='word_1_21' title='bbox 2188 1179 2641 1251; x_wconf 74' lang='lat' dir='ltr'><strong>obtinebimus</strong></span> <span class='ocrx_word' id='word_1_22' title='bbox 2707 1154 2836 1271; x_wconf 86' lang='lat' dir='ltr'><strong>pro</strong></span> <span class='ocrx_word' id='word_1_23' title='bbox 2868 1175 3175 1281; x_wconf 71' lang='lat' dir='ltr'><strong>sdet,</strong></span> <span class='ocrx_word' id='word_1_24' title='bbox 3219 1134 3427 1261; x_wconf 77' lang='lat' dir='ltr'><strong>unde</strong></span> <span class='ocrx_word' id='word_1_25' title='bbox 3490 1176 3992 1269; x_wconf 80' lang='lat' dir='ltr'><strong>approximatio</strong></span> <span class='ocrx_word' id='word_1_26' title='bbox 4043 1198 4218 1267; x_wconf 89' lang='lat' dir='ltr'><strong>quo-</strong></span> 
     </span>
     <span class='ocr_line' id='line_1_6' title="bbox 1160 1301 4216 1417; baseline -0.003 -34"><span class='ocrx_word' id='word_1_27' title='bbox 1160 1335 1323 1403; x_wconf 77' lang='lat' dir='ltr'><strong>que</strong></span> <span class='ocrx_word' id='word_1_28' title='bbox 1344 1312 1649 1399; x_wconf 61' lang='lat' dir='ltr'><strong>,semuncia</strong></span> <span class='ocrx_word' id='word_1_29' title='bbox 1698 1309 1963 1395; x_wconf 74' lang='lat' dir='ltr'><strong>valeres</strong></span> <span class='ocrx_word' id='word_1_30' title='bbox 2016 1307 2315 1417; x_wconf 80' lang='lat' dir='ltr'><strong>ipsarum</strong></span> <span class='ocrx_word' id='word_1_31' title='bbox 2365 1306 2406 1391; x_wconf 81' lang='grc' dir='ltr'><strong><em>ζ</em></strong></span> <span class='ocrx_word' id='word_1_32' title='bbox 2450 1316 2520 1373; x_wconf 86' lang='lat' dir='ltr'><strong>et</strong></span> <span class='ocrx_word' id='word_1_33' title='bbox 2568 1308 2622 1395; x_wconf 86' lang='grc' dir='ltr'><em>β</em></span> <span class='ocrx_word' id='word_1_34' title='bbox 2662 1328 2787 1374; x_wconf 84' lang='lat' dir='ltr'><strong>nec</strong></span> <span class='ocrx_word' id='word_1_35' title='bbox 2836 1326 2974 1373; x_wconf 87' lang='lat' dir='ltr'><strong>non</strong></span> <span class='ocrx_word' id='word_1_36' title='bbox 3022 1305 3324 1396; x_wconf 87' lang='lat' dir='ltr'><strong>ipsarum</strong></span> <span class='ocrx_word' id='word_1_37' title='bbox 3369 1326 3415 1385; x_wconf 70' lang='lat' dir='ltr'><em>z</em></span> <span class='ocrx_word' id='word_1_38' title='bbox 3466 1314 3534 1373; x_wconf 87' lang='lat' dir='ltr'><strong>et</strong></span> <span class='ocrx_word' id='word_1_39' title='bbox 3583 1326 3649 1371; x_wconf 81' lang='lat' dir='ltr'><strong><em>w</em></strong></span> <span class='ocrx_word' id='word_1_40' title='bbox 3696 1326 3870 1395; x_wconf 84' lang='lat' dir='ltr'><strong>pure</strong></span> <span class='ocrx_word' id='word_1_41' title='bbox 3915 1301 4216 1393; x_wconf 75' lang='lat' dir='ltr'><strong>periodi·-</strong></span> 
     </span>
     <span class='ocr_line' id='line_1_7' title="bbox 1167 1420 4217 1533; baseline -0.004 -25"><span class='ocrx_word' id='word_1_42' title='bbox 1167 1458 1286 1519; x_wconf 80' lang='lat' dir='ltr'><strong>cos</strong></span> <span class='ocrx_word' id='word_1_43' title='bbox 1340 1420 1771 1533; x_wconf 83' lang='lat' dir='ltr'><strong>suppeditat,</strong></span> <span class='ocrx_word' id='word_1_44' title='bbox 1838 1441 1906 1505; x_wconf 89' lang='lat' dir='ltr'><strong>et</strong></span> <span class='ocrx_word' id='word_1_45' title='bbox 1932 1432 2199 1533; x_wconf 79' lang='lat' dir='ltr'><strong>eodem</strong></span> <span class='ocrx_word' id='word_1_46' title='bbox 2246 1434 2457 1513; x_wconf 80' lang='lat' dir='ltr'><strong>modo</strong></span> <span class='ocrx_word' id='word_1_47' title='bbox 2507 1430 3075 1501; x_wconf 83' lang='lat' dir='ltr'><strong>demonstrabitur</strong></span> <span class='ocrx_word' id='word_1_48' title='bbox 3125 1430 3748 1521; x_wconf 79' lang='lat' dir='ltr'><strong>approximationes</strong></span> <span class='ocrx_word' id='word_1_49' title='bbox 3801 1429 4217 1519; x_wconf 68' lang='lat' dir='ltr'><strong>subsequen·-</strong></span> 
     </span>
     <span class='ocr_line' id='line_1_8' title="bbox 1166 1555 4219 1654; baseline -0.004 -21"><span class='ocrx_word' id='word_1_50' title='bbox 1166 1574 1275 1633; x_wconf 80' lang='lat' dir='ltr'><strong>tes</strong></span> <span class='ocrx_word' id='word_1_51' title='bbox 1344 1565 1665 1633; x_wconf 82' lang='lat' dir='ltr'><strong>terminos</strong></span> <span class='ocrx_word' id='word_1_52' title='bbox 1728 1583 1857 1654; x_wconf 89' lang='lat' dir='ltr'><strong>per</strong></span> <span class='ocrx_word' id='word_1_53' title='bbox 1920 1569 2189 1652; x_wconf 87' lang='lat' dir='ltr'><strong>tempus</strong></span> <span class='ocrx_word' id='word_1_54' title='bbox 2256 1560 2484 1652; x_wconf 85' lang='lat' dir='ltr'><strong>ipsum</strong></span> <span class='ocrx_word' id='word_1_55' title='bbox 2549 1557 3038 1650; x_wconf 80' lang='lat' dir='ltr'><strong>multiplicatos</strong></span> <span class='ocrx_word' id='word_1_56' title='bbox 3103 1556 3175 1627; x_wconf 88' lang='lat' dir='ltr'><strong>in</strong></span> <span class='ocrx_word' id='word_1_57' title='bbox 3224 1557 3565 1625; x_wconf 84' lang='lat' dir='ltr'><strong>valoribus</strong></span> <span class='ocrx_word' id='word_1_58' title='bbox 3617 1558 3922 1649; x_wconf 85' lang='lat' dir='ltr'><strong>ipsarum</strong></span> <span class='ocrx_word' id='word_1_59' title='bbox 3971 1555 4013 1642; x_wconf 78' lang='grc' dir='ltr'><em>ζ</em></span> <span class='ocrx_word' id='word_1_60' title='bbox 4059 1564 4128 1639; x_wconf 86' lang='lat' dir='ltr'><strong>et</strong></span> <span class='ocrx_word' id='word_1_61' title='bbox 4163 1555 4219 1644; x_wconf 71' lang='grc' dir='ltr'><strong><em>β</em></strong></span> 
     </span>
     <span class='ocr_line' id='line_1_9' title="bbox 1174 1689 2070 1780; baseline -0.004 -20"><span class='ocrx_word' id='word_1_62' title='bbox 1174 1689 1607 1760; x_wconf 77' lang='lat' dir='ltr'><strong>introducere</strong></span> <span class='ocrx_word' id='word_1_63' title='bbox 1655 1709 1813 1763; x_wconf 58' lang='lat' dir='ltr'><strong>non,</strong></span> <span class='ocrx_word' id='word_1_64' title='bbox 1838 1709 2070 1780; x_wconf 84' lang='lat' dir='ltr'><strong>posse.</strong></span> 
     </span>
    </p>
   </div>
   <div class='ocr_carea' id='block_1_4' title="bbox 1166 2056 4280 4426">
    <p class='ocr_par' dir='ltr' id='par_1_4' title="bbox 1166 2056 4280 4426">
     <span class='ocr_line' id='line_1_10' title="bbox 1172 2056 4218 2157; baseline -0.001 -26"><span class='ocrx_word' id='word_1_65' title='bbox 1172 2150 1177 2153; x_wconf 16' lang='grc' dir='ltr'><strong>Α</strong></span> <span class='ocrx_word' id='word_1_66' title='bbox 1246 2144 1251 2151; x_wconf 4' lang='lat' dir='ltr'><strong>p</strong></span> <span class='ocrx_word' id='word_1_67' title='bbox 1310 2132 1339 2145; x_wconf 60' lang='grc'><strong>,,</strong></span> <span class='ocrx_word' id='word_1_68' title='bbox 1373 2065 1693 2157; x_wconf 64' lang='grc' dir='ltr'>ᾼιιαίγεὶε</span> <span class='ocrx_word' id='word_1_69' title='bbox 1748 2062 2174 2156; x_wconf 82' lang='lat' dir='ltr'><strong>praecedens</strong></span> <span class='ocrx_word' id='word_1_70' title='bbox 2229 2062 2569 2154; x_wconf 72' lang='lat' dir='ltr'><strong>supponit</strong></span> <span class='ocrx_word' id='word_1_71' title='bbox 2617 2061 3159 2154; x_wconf 78' lang='lat' dir='ltr'><strong>perturbationes</strong></span> <span class='ocrx_word' id='word_1_72' title='bbox 3209 2061 3395 2129; x_wconf 81' lang='lat' dir='ltr'><strong>Solis</strong></span> <span class='ocrx_word' id='word_1_73' title='bbox 3441 2057 3620 2147; x_wconf 80' lang='lat' dir='ltr'><strong>(sive</strong></span> <span class='ocrx_word' id='word_1_74' title='bbox 3670 2056 3919 2146; x_wconf 84' lang='lat' dir='ltr'><strong>terrae)</strong></span> <span class='ocrx_word' id='word_1_75' title='bbox 3974 2058 4218 2129; x_wconf 87' lang='lat' dir='ltr'><strong>eodem</strong></span> 
     </span>
     <span class='ocr_line' id='line_1_11' title="bbox 1174 2184 4220 2282; baseline -0.002 -24"><span class='ocrx_word' id='word_1_76' title='bbox 1174 2189 1383 2258; x_wconf 90' lang='lat' dir='ltr'><strong>modo</strong></span> <span class='ocrx_word' id='word_1_77' title='bbox 1450 2214 1529 2259; x_wconf 88' lang='lat' dir='ltr'><strong>ac</strong></span> <span class='ocrx_word' id='word_1_78' title='bbox 1592 2191 2134 2282; x_wconf 88' lang='lat' dir='ltr'><strong>perturbationes</strong></span> <span class='ocrx_word' id='word_1_79' title='bbox 2201 2189 2438 2256; x_wconf 88' lang='lat' dir='ltr'><strong>Lunae</strong></span> <span class='ocrx_word' id='word_1_80' title='bbox 2506 2188 2880 2279; x_wconf 85' lang='lat' dir='ltr'><strong>computari</strong></span> <span class='ocrx_word' id='word_1_81' title='bbox 2959 2196 3073 2253; x_wconf 89' lang='lat' dir='ltr'><strong>aut</strong></span> <span class='ocrx_word' id='word_1_82' title='bbox 3142 2194 3564 2277; x_wconf 88' lang='lat' dir='ltr'><strong>computatas</strong></span> <span class='ocrx_word' id='word_1_83' title='bbox 3630 2208 3809 2269; x_wconf 89' lang='lat' dir='ltr'><strong>esse,</strong></span> <span class='ocrx_word' id='word_1_84' title='bbox 3890 2185 3966 2253; x_wconf 90' lang='lat' dir='ltr'><strong>id</strong></span> <span class='ocrx_word' id='word_1_85' title='bbox 4033 2184 4220 2275; x_wconf 83' lang='lat' dir='ltr'><strong>quod</strong></span> 
     </span>
     <span class='ocr_line' id='line_1_12' title="bbox 1177 2311 4221 2410; baseline -0.002 -25"><span class='ocrx_word' id='word_1_86' title='bbox 1177 2341 1449 2409; x_wconf 89' lang='lat' dir='ltr'><strong>semper</strong></span> <span class='ocrx_word' id='word_1_87' title='bbox 1513 2319 1662 2385; x_wconf 86' lang='lat' dir='ltr'><strong>fieri</strong></span> <span class='ocrx_word' id='word_1_88' title='bbox 1725 2326 1980 2410; x_wconf 90' lang='lat' dir='ltr'><strong>potest.</strong></span> <span class='ocrx_word' id='word_1_89' title='bbox 2098 2318 2273 2385; x_wconf 84' lang='lat' dir='ltr'><strong>Nam</strong></span> <span class='ocrx_word' id='word_1_90' title='bbox 2341 2315 2413 2383; x_wconf 90' lang='lat' dir='ltr'><strong>in</strong></span> <span class='ocrx_word' id='word_1_91' title='bbox 2459 2325 2670 2383; x_wconf 78' lang='lat' dir='ltr'><strong>motu</strong></span> <span class='ocrx_word' id='word_1_92' title='bbox 2740 2334 3010 2402; x_wconf 89' lang='lat' dir='ltr'><strong>quoque</strong></span> <span class='ocrx_word' id='word_1_93' title='bbox 3077 2312 3504 2402; x_wconf 88' lang='lat' dir='ltr'><strong>planetarum</strong></span> <span class='ocrx_word' id='word_1_94' title='bbox 3571 2312 4019 2398; x_wconf 82' lang='lat' dir='ltr'><strong>quantitatem</strong></span> <span class='ocrx_word' id='word_1_95' title='bbox 4081 2311 4221 2379; x_wconf 90' lang='lat' dir='ltr'><strong>hoc</strong></span> 
     </span>
     <span class='ocr_line' id='line_1_13' title="bbox 1175 2437 4222 2534; baseline -0.002 -23"><span class='ocrx_word' id='word_1_96' title='bbox 1175 2444 1334 2511; x_wconf 93' lang='lat' dir='ltr'><strong>loco</strong></span> <span class='ocrx_word' id='word_1_97' title='bbox 1396 2467 1449 2534; x_wconf 72' lang='lat' dir='ltr'><strong><em>y</em></strong></span> <span class='ocrx_word' id='word_1_98' title='bbox 1515 2444 1904 2511; x_wconf 82' lang='lat' dir='ltr'><strong>denotatam</strong></span> <span class='ocrx_word' id='word_1_99' title='bbox 1968 2443 2396 2510; x_wconf 81' lang='lat' dir='ltr'><strong>introducere</strong></span> <span class='ocrx_word' id='word_1_100' title='bbox 2461 2441 2659 2509; x_wconf 89' lang='lat' dir='ltr'><strong>nobis</strong></span> <span class='ocrx_word' id='word_1_101' title='bbox 2712 2440 2979 2524; x_wconf 88' lang='lat' dir='ltr'><strong>liceret,</strong></span> <span class='ocrx_word' id='word_1_102' title='bbox 3065 2438 3248 2506; x_wconf 90' lang='lat' dir='ltr'><strong>unde</strong></span> <span class='ocrx_word' id='word_1_103' title='bbox 3297 2437 3841 2527; x_wconf 78' lang='lat' dir='ltr'><strong>perturbationes</strong></span> <span class='ocrx_word' id='word_1_104' title='bbox 3896 2460 4128 2506; x_wconf 89' lang='lat' dir='ltr'><strong>eorum</strong></span> <span class='ocrx_word' id='word_1_105' title='bbox 4178 2461 4222 2505; x_wconf 84' lang='lat' dir='ltr'><strong>a</strong></span> 
     </span>
     <span class='ocr_line' id='line_1_14' title="bbox 1174 2563 4221 2659; baseline -0.002 -23"><span class='ocrx_word' id='word_1_106' title='bbox 1174 2569 1475 2636; x_wconf 89' lang='lat' dir='ltr'><strong>terminis</strong></span> <span class='ocrx_word' id='word_1_107' title='bbox 1542 2592 1668 2659; x_wconf 90' lang='lat' dir='ltr'><strong>per</strong></span> <span class='ocrx_word' id='word_1_108' title='bbox 1734 2579 2005 2659; x_wconf 89' lang='lat' dir='ltr'><strong>tempus</strong></span> <span class='ocrx_word' id='word_1_109' title='bbox 2053 2570 2280 2659; x_wconf 85' lang='lat' dir='ltr'><strong>ipsum</strong></span> <span class='ocrx_word' id='word_1_110' title='bbox 2329 2567 2800 2658; x_wconf 85' lang='lat' dir='ltr'><strong>multiplicatis</strong></span> <span class='ocrx_word' id='word_1_111' title='bbox 2851 2566 3107 2633; x_wconf 89' lang='lat' dir='ltr'><strong>liberae</strong></span> <span class='ocrx_word' id='word_1_112' title='bbox 3158 2566 3642 2633; x_wconf 85' lang='lat' dir='ltr'><strong>obtinerentur.</strong></span> <span class='ocrx_word' id='word_1_113' title='bbox 3764 2563 3992 2648; x_wconf 82' lang='lat' dir='ltr'><strong>Quum</strong></span> <span class='ocrx_word' id='word_1_114' title='bbox 4057 2585 4221 2631; x_wconf 77' lang='lat' dir='ltr'><strong>vero</strong></span> 
     </span>
     <span class='ocr_line' id='line_1_15' title="bbox 1174 2690 4220 2787; baseline -0.001 -25"><span class='ocrx_word' id='word_1_115' title='bbox 1174 2693 1361 2783; x_wconf 44' lang='lat' dir='ltr'><strong>hinc,</strong></span> <span class='ocrx_word' id='word_1_116' title='bbox 1410 2695 1570 2780; x_wconf 80' lang='lat' dir='ltr'><strong>inde</strong></span> <span class='ocrx_word' id='word_1_117' title='bbox 1635 2695 1707 2762; x_wconf 91' lang='lat' dir='ltr'><strong>in</strong></span> <span class='ocrx_word' id='word_1_118' title='bbox 1770 2694 2311 2787; x_wconf 81' lang='lat' dir='ltr'><strong>longitudinibus</strong></span> <span class='ocrx_word' id='word_1_119' title='bbox 2379 2693 2718 2781; x_wconf 86' lang='lat' dir='ltr'><strong>radiisque</strong></span> <span class='ocrx_word' id='word_1_120' title='bbox 2781 2693 3164 2761; x_wconf 80' lang='lat' dir='ltr'><strong>vectoribus</strong></span> <span class='ocrx_word' id='word_1_121' title='bbox 3231 2693 3659 2782; x_wconf 70' lang='lat' dir='ltr'><strong>planetarum</strong></span> <span class='ocrx_word' id='word_1_122' title='bbox 3722 2690 3994 2759; x_wconf 85' lang='lat' dir='ltr'><strong>termini</strong></span> <span class='ocrx_word' id='word_1_123' title='bbox 4057 2708 4220 2781; x_wconf 72' lang='lat' dir='ltr'><strong>per-</strong></span> 
     </span>
     <span class='ocr_line' id='line_1_16' title="bbox 1166 2817 4218 2913; baseline -0.001 -22"><span class='ocrx_word' id='word_1_124' title='bbox 1166 2822 1446 2913; x_wconf 80' lang='lat' dir='ltr'><strong>magni,</strong></span> <span class='ocrx_word' id='word_1_125' title='bbox 1500 2843 1786 2910; x_wconf 89' lang='lat' dir='ltr'><strong>quorum</strong></span> <span class='ocrx_word' id='word_1_126' title='bbox 1834 2821 2156 2912; x_wconf 83' lang='lat' dir='ltr'><strong>periodus</strong></span> <span class='ocrx_word' id='word_1_127' title='bbox 2210 2819 2593 2910; x_wconf 84' lang='lat' dir='ltr'><strong>paullulum</strong></span> <span class='ocrx_word' id='word_1_128' title='bbox 2646 2843 2686 2885; x_wconf 89' lang='lat' dir='ltr'><strong>a</strong></span> <span class='ocrx_word' id='word_1_129' title='bbox 2735 2820 3156 2887; x_wconf 77' lang='lat' dir='ltr'><strong>revolutione</strong></span> <span class='ocrx_word' id='word_1_130' title='bbox 3206 2820 3527 2910; x_wconf 85' lang='lat' dir='ltr'><strong>planetae</strong></span> <span class='ocrx_word' id='word_1_131' title='bbox 3575 2819 3840 2909; x_wconf 78' lang='lat' dir='ltr'><strong>integra</strong></span> <span class='ocrx_word' id='word_1_132' title='bbox 3892 2817 4218 2905; x_wconf 78' lang='lat' dir='ltr'><strong>differret,</strong></span> 
     </span>
     <span class='ocr_line' id='line_1_17' title="bbox 1179 2942 4223 3038; baseline -0.001 -22"><span class='ocrx_word' id='word_1_133' title='bbox 1179 2942 1535 3034; x_wconf 71' lang='lat' dir='ltr'><strong>orirentur,</strong></span> <span class='ocrx_word' id='word_1_134' title='bbox 1589 2970 1875 3038; x_wconf 80' lang='lat' dir='ltr'><strong>quorum</strong></span> <span class='ocrx_word' id='word_1_135' title='bbox 1926 2949 2383 3016; x_wconf 87' lang='lat' dir='ltr'><strong>coefficientes</strong></span> <span class='ocrx_word' id='word_1_136' title='bbox 2435 2946 2837 3038; x_wconf 86' lang='lat' dir='ltr'><strong>periodique</strong></span> <span class='ocrx_word' id='word_1_137' title='bbox 2887 2956 3174 3038; x_wconf 81' lang='lat' dir='ltr'><strong>propter</strong></span> <span class='ocrx_word' id='word_1_138' title='bbox 3212 2945 3774 3031; x_wconf 82' lang='lat' dir='ltr'><strong>incertitudinem,</strong></span> <span class='ocrx_word' id='word_1_139' title='bbox 3825 2968 4001 3034; x_wconf 88' lang='lat' dir='ltr'><strong>quae</strong></span> <span class='ocrx_word' id='word_1_140' title='bbox 4037 2967 4223 3018; x_wconf 80' lang='lat' dir='ltr'><strong>mas-</strong></span> 
     </span>
     <span class='ocr_line' id='line_1_18' title="bbox 1184 3071 4223 3167; baseline -0.001 -22"><span class='ocrx_word' id='word_1_141' title='bbox 1184 3076 1273 3145; x_wconf 87' lang='lat' dir='ltr'><strong>sis</strong></span> <span class='ocrx_word' id='word_1_142' title='bbox 1323 3075 1754 3167; x_wconf 80' lang='lat' dir='ltr'><strong>planetarum</strong></span> <span class='ocrx_word' id='word_1_143' title='bbox 1805 3094 2074 3163; x_wconf 87' lang='lat' dir='ltr'><strong>semper</strong></span> <span class='ocrx_word' id='word_1_144' title='bbox 2124 3071 2468 3160; x_wconf 85' lang='lat' dir='ltr'><strong>inhaeret,</strong></span> <span class='ocrx_word' id='word_1_145' title='bbox 2555 3095 2695 3142; x_wconf 88' lang='lat' dir='ltr'><strong>non</strong></span> <span class='ocrx_word' id='word_1_146' title='bbox 2743 3074 3042 3142; x_wconf 82' lang='lat' dir='ltr'><strong>accurati</strong></span> <span class='ocrx_word' id='word_1_147' title='bbox 3087 3074 3485 3158; x_wconf 84' lang='lat' dir='ltr'><strong>evaderent,</strong></span> <span class='ocrx_word' id='word_1_148' title='bbox 3565 3095 3907 3160; x_wconf 86' lang='lat' dir='ltr'><strong>quumque</strong></span> <span class='ocrx_word' id='word_1_149' title='bbox 3956 3073 4223 3142; x_wconf 88' lang='lat' dir='ltr'><strong>termini</strong></span> 
     </span>
     <span class='ocr_line' id='line_1_19' title="bbox 1181 3198 4280 3292; baseline 0.001 -26"><span class='ocrx_word' id='word_1_150' title='bbox 1181 3200 1255 3266; x_wconf 88' lang='lat' dir='ltr'><strong>in</strong></span> <span class='ocrx_word' id='word_1_151' title='bbox 1319 3210 1507 3268; x_wconf 91' lang='lat' dir='ltr'><strong>motu</strong></span> <span class='ocrx_word' id='word_1_152' title='bbox 1558 3201 1987 3291; x_wconf 88' lang='lat' dir='ltr'><strong>planetarum</strong></span> <span class='ocrx_word' id='word_1_153' title='bbox 2037 3207 2104 3266; x_wconf 91' lang='lat' dir='ltr'><strong>et</strong></span> <span class='ocrx_word' id='word_1_154' title='bbox 2154 3222 2283 3290; x_wconf 90' lang='lat' dir='ltr'><strong>per</strong></span> <span class='ocrx_word' id='word_1_155' title='bbox 2333 3208 2603 3291; x_wconf 87' lang='lat' dir='ltr'><strong>tempus</strong></span> <span class='ocrx_word' id='word_1_156' title='bbox 2652 3202 2879 3292; x_wconf 86' lang='lat' dir='ltr'><strong>ipsum</strong></span> <span class='ocrx_word' id='word_1_157' title='bbox 2931 3210 2998 3269; x_wconf 91' lang='lat' dir='ltr'><strong>et</strong></span> <span class='ocrx_word' id='word_1_158' title='bbox 3049 3224 3175 3292; x_wconf 90' lang='lat' dir='ltr'><strong>per</strong></span> <span class='ocrx_word' id='word_1_159' title='bbox 3226 3202 3406 3267; x_wconf 87' lang='lat' dir='ltr'><strong>sinus</strong></span> <span class='ocrx_word' id='word_1_160' title='bbox 3457 3207 3575 3266; x_wconf 78' lang='lat' dir='ltr'><strong>aut</strong></span> <span class='ocrx_word' id='word_1_161' title='bbox 3626 3198 3894 3266; x_wconf 85' lang='lat' dir='ltr'><strong>cosinus</strong></span> <span class='ocrx_word' id='word_1_162' title='bbox 3943 3221 4223 3270; x_wconf 82' lang='lat' dir='ltr'><strong>anoma-</strong></span> <span class='ocrx_word' id='word_1_163' title='bbox 4267 3255 4280 3260; x_wconf 22' lang='lat'><strong>.*</strong></span> 
     </span>
     <span class='ocr_line' id='line_1_20' title="bbox 1170 3325 4256 3424; baseline -0 -30"><span class='ocrx_word' id='word_1_164' title='bbox 1170 3328 1424 3424; x_wconf 16' lang='lat' dir='ltr'><strong>‘liarum</strong></span> <span class='ocrx_word' id='word_1_165' title='bbox 1489 3327 1862 3394; x_wconf 86' lang='lat' dir='ltr'><strong>mediarum</strong></span> <span class='ocrx_word' id='word_1_166' title='bbox 1925 3325 2364 3417; x_wconf 85' lang='lat' dir='ltr'><strong>multiplicati</strong></span> <span class='ocrx_word' id='word_1_167' title='bbox 2432 3327 2633 3395; x_wconf 90' lang='lat' dir='ltr'><strong>series</strong></span> <span class='ocrx_word' id='word_1_168' title='bbox 2695 3327 2991 3395; x_wconf 87' lang='lat' dir='ltr'><strong>infinitas</strong></span> <span class='ocrx_word' id='word_1_169' title='bbox 3042 3326 3472 3417; x_wconf 88' lang='lat' dir='ltr'><strong>rapidissime</strong></span> <span class='ocrx_word' id='word_1_170' title='bbox 3520 3336 4004 3418; x_wconf 73' lang='lat' dir='ltr'><strong>conver-gentes</strong></span> <span class='ocrx_word' id='word_1_171' title='bbox 4057 3348 4256 3393; x_wconf 86' lang='lat' dir='ltr'><strong>con--</strong></span> 
     </span>
     <span class='ocr_line' id='line_1_21' title="bbox 1186 3451 4225 3546; baseline 0 -26"><span class='ocrx_word' id='word_1_172' title='bbox 1186 3455 1497 3521; x_wconf 83' lang='lat' dir='ltr'><strong>stituant:</strong></span> <span class='ocrx_word' id='word_1_173' title='bbox 1576 3461 1879 3545; x_wconf 86' lang='lat' dir='ltr'><strong>praestat</strong></span> <span class='ocrx_word' id='word_1_174' title='bbox 1943 3454 2014 3519; x_wconf 89' lang='lat' dir='ltr'><strong>in</strong></span> <span class='ocrx_word' id='word_1_175' title='bbox 2078 3452 2346 3519; x_wconf 85' lang='lat' dir='ltr'><strong>theoria</strong></span> <span class='ocrx_word' id='word_1_176' title='bbox 2398 3476 2670 3542; x_wconf 91' lang='lat' dir='ltr'><strong>quoque</strong></span> <span class='ocrx_word' id='word_1_177' title='bbox 2720 3455 2955 3522; x_wconf 88' lang='lat' dir='ltr'><strong>Lunae</strong></span> <span class='ocrx_word' id='word_1_178' title='bbox 3003 3452 3546 3546; x_wconf 87' lang='lat' dir='ltr'><strong>perturbationes</strong></span> <span class='ocrx_word' id='word_1_179' title='bbox 3596 3451 3779 3519; x_wconf 89' lang='lat' dir='ltr'><strong>Solis</strong></span> <span class='ocrx_word' id='word_1_180' title='bbox 3832 3453 3954 3519; x_wconf 89' lang='lat' dir='ltr'><strong>sub</strong></span> <span class='ocrx_word' id='word_1_181' title='bbox 4005 3455 4225 3520; x_wconf 82' lang='lat' dir='ltr'><strong>forma</strong></span> 
     </span>
     <span class='ocr_line' id='line_1_22' title="bbox 1189 3576 4224 3676; baseline 0.001 -30"><span class='ocrx_word' id='word_1_182' title='bbox 1189 3601 1270 3646; x_wconf 88' lang='lat' dir='ltr'><strong>ea</strong></span> <span class='ocrx_word' id='word_1_183' title='bbox 1349 3577 1646 3664; x_wconf 85' lang='lat' dir='ltr'><strong>admitti,</strong></span> <span class='ocrx_word' id='word_1_184' title='bbox 1755 3602 1960 3669; x_wconf 88' lang='lat' dir='ltr'><strong>quam</strong></span> <span class='ocrx_word' id='word_1_185' title='bbox 2034 3576 2655 3669; x_wconf 87' lang='lat' dir='ltr'><strong>perturbationibus</strong></span> <span class='ocrx_word' id='word_1_186' title='bbox 2738 3582 3170 3672; x_wconf 89' lang='lat' dir='ltr'><strong>planetarum</strong></span> <span class='ocrx_word' id='word_1_187' title='bbox 3249 3579 3320 3646; x_wconf 92' lang='lat' dir='ltr'><strong>in</strong></span> <span class='ocrx_word' id='word_1_188' title='bbox 3398 3578 3975 3676; x_wconf 85' lang='lat' dir='ltr'><strong>disquisitionibus</strong></span> <span class='ocrx_word' id='word_1_189' title='bbox 4057 3579 4224 3648; x_wconf 90' lang='lat' dir='ltr'><strong>meis</strong></span> 
     </span>
     <span class='ocr_line' id='line_1_23' title="bbox 1184 3687 3978 3797; baseline 0 -26"><span class='ocrx_word' id='word_1_190' title='bbox 1184 3702 1522 3797; x_wconf 87' lang='lat' dir='ltr'><strong>prioribus</strong></span> <span class='ocrx_word' id='word_1_191' title='bbox 1577 3704 1663 3771; x_wconf 89' lang='lat' dir='ltr'><strong>de</strong></span> <span class='ocrx_word' id='word_1_192' title='bbox 1711 3705 1850 3772; x_wconf 89' lang='lat' dir='ltr'><strong>hoc</strong></span> <span class='ocrx_word' id='word_1_193' title='bbox 1903 3711 2302 3794; x_wconf 87' lang='lat' dir='ltr'><strong>argumento</strong></span> <span class='ocrx_word' id='word_1_194' title='bbox 2358 3704 2649 3772; x_wconf 89' lang='lat' dir='ltr'><strong>attribui.</strong></span> <span class='ocrx_word' id='word_1_195' title='bbox 3355 3691 3358 3698; x_wconf 41' lang='lat'><strong>⁴</strong></span> <span class='ocrx_word' id='word_1_196' title='bbox 3977 3687 3978 3690; x_wconf 8' lang='grc' dir='ltr'><strong>Ἴ</strong></span> 
     </span>
     <span class='ocr_line' id='line_1_24' title="bbox 1389 3799 4222 3923; baseline 0.001 -29"><span class='ocrx_word' id='word_1_197' title='bbox 1389 3825 1650 3913; x_wconf 83' lang='lat' dir='ltr'><strong>Quibus</strong></span> <span class='ocrx_word' id='word_1_198' title='bbox 1721 3830 1997 3920; x_wconf 77' lang='lat' dir='ltr'><strong>positiS,</strong></span> <span class='ocrx_word' id='word_1_199' title='bbox 2080 3831 2577 3920; x_wconf 85' lang='lat' dir='ltr'><strong>approximatio</strong></span> <span class='ocrx_word' id='word_1_200' title='bbox 2642 3832 2917 3920; x_wconf 89' lang='lat' dir='ltr'><strong>quidem</strong></span> <span class='ocrx_word' id='word_1_201' title='bbox 2979 3831 3203 3923; x_wconf 89' lang='lat' dir='ltr'><strong>prima</strong></span> <span class='ocrx_word' id='word_1_202' title='bbox 3253 3830 3324 3897; x_wconf 91' lang='lat' dir='ltr'><strong>in</strong></span> <span class='ocrx_word' id='word_1_203' title='bbox 3376 3837 3564 3896; x_wconf 90' lang='lat' dir='ltr'><strong>motu</strong></span> <span class='ocrx_word' id='word_1_204' title='bbox 3616 3830 3851 3898; x_wconf 89' lang='lat' dir='ltr'><strong>Lunae</strong></span> <span class='ocrx_word' id='word_1_205' title='bbox 3901 3799 4222 3898; x_wconf 79' lang='lat' dir='ltr'><strong>terminos</strong></span> 
     </span>
     <span class='ocr_line' id='line_1_25' title="bbox 1186 3955 4227 4050; baseline -0 -27"><span class='ocrx_word' id='word_1_206' title='bbox 1186 3978 1315 4048; x_wconf 89' lang='lat' dir='ltr'><strong>per</strong></span> <span class='ocrx_word' id='word_1_207' title='bbox 1360 3964 1632 4047; x_wconf 90' lang='lat' dir='ltr'><strong>tempus</strong></span> <span class='ocrx_word' id='word_1_208' title='bbox 1683 3957 1912 4047; x_wconf 88' lang='lat' dir='ltr'><strong>ipsum</strong></span> <span class='ocrx_word' id='word_1_209' title='bbox 1964 3957 2454 4048; x_wconf 88' lang='lat' dir='ltr'><strong>multiplicatos</strong></span> <span class='ocrx_word' id='word_1_210' title='bbox 2506 3981 2643 4025; x_wconf 89' lang='lat' dir='ltr'><strong>non</strong></span> <span class='ocrx_word' id='word_1_211' title='bbox 2692 3958 2993 4050; x_wconf 88' lang='lat' dir='ltr'><strong>profert,</strong></span> <span class='ocrx_word' id='word_1_212' title='bbox 3077 3958 3197 4026; x_wconf 86' lang='lat' dir='ltr'><strong>sed</strong></span> <span class='ocrx_word' id='word_1_213' title='bbox 3263 3957 3760 4049; x_wconf 86' lang='lat' dir='ltr'><strong>approximatio</strong></span> <span class='ocrx_word' id='word_1_214' title='bbox 3812 3955 4107 4022; x_wconf 84' lang='lat' dir='ltr'><strong>secunda</strong></span> <span class='ocrx_word' id='word_1_215' title='bbox 4157 3965 4227 4023; x_wconf 90' lang='lat' dir='ltr'><strong>et</strong></span> 
     </span>
     <span class='ocr_line' id='line_1_26' title="bbox 1190 4082 4226 4173; baseline 0 -24"><span class='ocrx_word' id='word_1_216' title='bbox 1190 4083 1671 4171; x_wconf 87' lang='lat' dir='ltr'><strong>subsequentes</strong></span> <span class='ocrx_word' id='word_1_217' title='bbox 1725 4084 1795 4149; x_wconf 91' lang='lat' dir='ltr'><strong>in</strong></span> <span class='ocrx_word' id='word_1_218' title='bbox 1847 4093 2042 4173; x_wconf 90' lang='lat' dir='ltr'><strong>parte</strong></span> <span class='ocrx_word' id='word_1_219' title='bbox 2093 4107 2204 4168; x_wconf 92' lang='lat' dir='ltr'><strong>ea,</strong></span> <span class='ocrx_word' id='word_1_220' title='bbox 2260 4108 2442 4171; x_wconf 87' lang='lat' dir='ltr'><strong>quae</strong></span> <span class='ocrx_word' id='word_1_221' title='bbox 2481 4107 2568 4152; x_wconf 84' lang='lat' dir='ltr'><strong>ex</strong></span> <span class='ocrx_word' id='word_1_222' title='bbox 2619 4085 3028 4151; x_wconf 87' lang='lat' dir='ltr'><strong>coordinatis</strong></span> <span class='ocrx_word' id='word_1_223' title='bbox 3082 4083 3263 4149; x_wconf 91' lang='lat' dir='ltr'><strong>Solis</strong></span> <span class='ocrx_word' id='word_1_224' title='bbox 3316 4084 3648 4172; x_wconf 86' lang='lat' dir='ltr'><strong>originem</strong></span> <span class='ocrx_word' id='word_1_225' title='bbox 3700 4082 3919 4165; x_wconf 87' lang='lat' dir='ltr'><strong>ducit,</strong></span> <span class='ocrx_word' id='word_1_226' title='bbox 3988 4082 4226 4149; x_wconf 90' lang='lat' dir='ltr'><strong>termi-</strong></span> 
     </span>
     <span class='ocr_line' id='line_1_27' title="bbox 1191 4187 4223 4301; baseline 0.002 -25"><span class='ocrx_word' id='word_1_227' title='bbox 1191 4230 1312 4276; x_wconf 90' lang='lat' dir='ltr'><strong>nos</strong></span> <span class='ocrx_word' id='word_1_228' title='bbox 1363 4187 1838 4299; x_wconf 87' lang='lat' dir='ltr'><strong>procreabunt,</strong></span> <span class='ocrx_word' id='word_1_229' title='bbox 1885 4209 2003 4297; x_wconf 90' lang='lat' dir='ltr'><strong>qui</strong></span> <span class='ocrx_word' id='word_1_230' title='bbox 2055 4208 2332 4296; x_wconf 90' lang='lat' dir='ltr'><strong>quidem</strong></span> <span class='ocrx_word' id='word_1_231' title='bbox 2383 4218 2452 4275; x_wconf 88' lang='lat' dir='ltr'><strong>et</strong></span> <span class='ocrx_word' id='word_1_232' title='bbox 2503 4232 2629 4298; x_wconf 90' lang='lat' dir='ltr'><strong>per</strong></span> <span class='ocrx_word' id='word_1_233' title='bbox 2677 4219 2948 4301; x_wconf 89' lang='lat' dir='ltr'><strong>tempus</strong></span> <span class='ocrx_word' id='word_1_234' title='bbox 3003 4217 3070 4276; x_wconf 92' lang='lat' dir='ltr'><strong>et</strong></span> <span class='ocrx_word' id='word_1_235' title='bbox 3122 4232 3249 4299; x_wconf 90' lang='lat' dir='ltr'><strong>per</strong></span> <span class='ocrx_word' id='word_1_236' title='bbox 3300 4210 3479 4276; x_wconf 89' lang='lat' dir='ltr'><strong>sinus</strong></span> <span class='ocrx_word' id='word_1_237' title='bbox 3531 4217 3645 4275; x_wconf 88' lang='lat' dir='ltr'><strong>aut</strong></span> <span class='ocrx_word' id='word_1_238' title='bbox 3696 4208 3958 4275; x_wconf 89' lang='lat' dir='ltr'><strong>cosinus</strong></span> <span class='ocrx_word' id='word_1_239' title='bbox 3993 4211 4223 4282; x_wconf 80' lang='lat' dir='ltr'><strong>multi-</strong></span> 
     </span>
     <span class='ocr_line' id='line_1_28' title="bbox 1189 4332 4227 4426; baseline 0.002 -27"><span class='ocrx_word' id='word_1_240' title='bbox 1189 4334 1474 4426; x_wconf 89' lang='lat' dir='ltr'><strong>plicium</strong></span> <span class='ocrx_word' id='word_1_241' title='bbox 1504 4335 1991 4402; x_wconf 88' lang='lat' dir='ltr'><strong>anomaliarum</strong></span> <span class='ocrx_word' id='word_1_242' title='bbox 2041 4334 2415 4403; x_wconf 86' lang='lat' dir='ltr'><strong>mediarum</strong></span> <span class='ocrx_word' id='word_1_243' title='bbox 2468 4332 2933 4425; x_wconf 85' lang='lat' dir='ltr'><strong>multiplicati,</strong></span> <span class='ocrx_word' id='word_1_244' title='bbox 2988 4335 3110 4404; x_wconf 89' lang='lat' dir='ltr'><strong>sed</strong></span> <span class='ocrx_word' id='word_1_245' title='bbox 3160 4336 3368 4403; x_wconf 86' lang='lat' dir='ltr'><strong>iidem</strong></span> <span class='ocrx_word' id='word_1_246' title='bbox 3421 4343 3573 4402; x_wconf 89' lang='lat' dir='ltr'><strong>sunt</strong></span> <span class='ocrx_word' id='word_1_247' title='bbox 3623 4333 4066 4420; x_wconf 88' lang='lat' dir='ltr'><strong>minutissimi,</strong></span> <span class='ocrx_word' id='word_1_248' title='bbox 4103 4357 4227 4403; x_wconf 79' lang='lat' dir='ltr'><strong>va·-</strong></span> 
     </span>
    </p>
   </div>
   <div class='ocr_carea' id='block_1_5' title="bbox 1190 4458 4225 4552">
    <p class='ocr_par' dir='ltr' id='par_1_5' title="bbox 1190 4458 4225 4552">
     <span class='ocr_line' id='line_1_29' title="bbox 1190 4458 4225 4552; baseline 0.002 -25"><span class='ocrx_word' id='word_1_249' title='bbox 1190 4460 1505 4545; x_wconf 81' lang='lat' dir='ltr'><strong>riationes</strong></span> <span class='ocrx_word' id='word_1_250' title='bbox 1560 4462 1750 4550; x_wconf 85' lang='lat' dir='ltr'><strong>quasi</strong></span> <span class='ocrx_word' id='word_1_251' title='bbox 1802 4460 2176 4528; x_wconf 87' lang='lat' dir='ltr'><strong>saeculares</strong></span> <span class='ocrx_word' id='word_1_252' title='bbox 2227 4458 2753 4528; x_wconf 85' lang='lat' dir='ltr'><strong>coefficientium</strong></span> <span class='ocrx_word' id='word_1_253' title='bbox 2803 4461 3390 4552; x_wconf 76' lang='lat' dir='ltr'><strong>perturbationum</strong></span> <span class='ocrx_word' id='word_1_254' title='bbox 3439 4460 3674 4528; x_wconf 89' lang='lat' dir='ltr'><strong>Lunae</strong></span> <span class='ocrx_word' id='word_1_255' title='bbox 3721 4460 4225 4533; x_wconf 85' lang='lat' dir='ltr'><strong>constituentes.</strong></span> 
     </span>
    </p>
   </div>
   <div class='ocr_carea' id='block_1_6' title="bbox 1186 4554 4223 4698">
    <p class='ocr_par' dir='ltr' id='par_1_6' title="bbox 1186 4554 4223 4698">
     <span class='ocr_line' id='line_1_30' title="bbox 1186 4554 4223 4698; baseline 0 -34"><span class='ocrx_word' id='word_1_256' title='bbox 1186 4595 1552 4664; x_wconf 82' lang='lat' dir='ltr'><strong>Praeterea</strong></span> <span class='ocrx_word' id='word_1_257' title='bbox 1600 4595 2144 4662; x_wconf 71' lang='lat' dir='ltr'><strong>coordinatur-um</strong></span> <span class='ocrx_word' id='word_1_258' title='bbox 2194 4593 2378 4661; x_wconf 86' lang='lat' dir='ltr'><strong>Solis</strong></span> <span class='ocrx_word' id='word_1_259' title='bbox 2429 4593 2697 4666; x_wconf 77' lang='lat' dir='ltr'><strong>valores</strong></span> <span class='ocrx_word' id='word_1_260' title='bbox 2748 4575 3195 4667; x_wconf 78' lang='lat' dir='ltr'><strong>accuratiores</strong></span> <span class='ocrx_word' id='word_1_261' title='bbox 3246 4596 3319 4665; x_wconf 91' lang='lat' dir='ltr'><strong>in</strong></span> <span class='ocrx_word' id='word_1_262' title='bbox 3368 4617 3413 4665; x_wconf 84' lang='lat' dir='ltr'><strong>r</strong></span> <span class='ocrx_word' id='word_1_263' title='bbox 3501 4554 3592 4698; x_wconf 43' lang='grc' dir='ltr'><strong>ἐξ</strong></span> <span class='ocrx_word' id='word_1_264' title='bbox 3705 4592 4046 4665; x_wconf 84' lang='lat' dir='ltr'><strong>substituti</strong></span> <span class='ocrx_word' id='word_1_265' title='bbox 4084 4604 4223 4665; x_wconf 87' lang='lat' dir='ltr'><strong>ter-</strong></span> 
     </span>
    </p>
   </div>
   <div class='ocr_carea' id='block_1_7' title="bbox 1188 4719 2472 4814">
    <p class='ocr_par' dir='ltr' id='par_1_7' title="bbox 1188 4719 2472 4814">
     <span class='ocr_line' id='line_1_31' title="bbox 1188 4719 2472 4814; baseline -0.003 -22"><span class='ocrx_word' id='word_1_266' title='bbox 1188 4723 1411 4792; x_wconf 87' lang='lat' dir='ltr'><strong>minos</strong></span> <span class='ocrx_word' id='word_1_267' title='bbox 1465 4719 1912 4814; x_wconf 87' lang='lat' dir='ltr'><strong>suppeditant</strong></span> <span class='ocrx_word' id='word_1_268' title='bbox 1959 4719 2159 4788; x_wconf 86' lang='lat' dir='ltr'><strong>huius</strong></span> <span class='ocrx_word' id='word_1_269' title='bbox 2210 4719 2472 4788; x_wconf 80' lang='lat' dir='ltr'><strong>formae</strong></span> 
     </span>
    </p>
   </div>
  </div>
 </body>
</html>
