4773 5892
1449 611 1820 702 Integralia
1883 608 2355 698 aequationum
2410 604 2575 696 (16)
2643 606 2756 675 vel
2821 605 2986 697 (17)
3052 607 3126 676 in
3188 605 3752 700 praecedentibus
3802 606 3903 673 ita
3957 606 4279 675 determi-

1257 736 1555 805 navimus
1580 786 1599 821 ,
1669 745 1742 802 ut
1795 736 2079 803 eandem
2128 735 2417 803 formam
2466 733 2797 820 habeant,
2853 734 2991 802 sive
3041 730 3118 800 R
3168 741 3271 801 est
3322 732 3529 800 cifrae
3580 731 3879 821 aequalis
3937 735 4076 801 sive
4124 756 4279 802 non.

1257 864 1500 953 ltaque⁴
1546 861 1976 930 coordinatae
2024 881 2110 945 x,
2175 882 2262 949 y,
2330 881 2372 926 z
2424 866 2491 925 et
2545 858 2832 949 proinde
2880 861 3140 928 functio
3190 858 3530 949 quaelibet
3577 860 3877 951 ipsarum
3926 880 4011 945 x,
4074 881 4165 949 y,
4242 880 4286 927 z

1261 991 1676 1082 proprietate
1726 988 1857 1055 hac
1908 986 2241 1078 gaudent,
2310 981 2497 1073 quod
2548 984 2832 1053 eandem
2882 960 3174 1054 formam
3223 985 3512 1073 habent,
3598 985 3738 1053 siv'e
3791 986 3879 1055 ad
3931 987 4284 1077 aequatio-

1263 1138 1382 1183 nes
1437 1113 1599 1203 (17)
1652 1115 1790 1182 sive
1841 1112 1931 1179 ad
1984 1110 2147 1200 (18)
2199 1112 2596 1178 referuntur.
2714 1112 2925 1198 Item,
2996 1111 3427 1200 aequationes
3496 1111 3660 1200 (20)
3714 1114 4042 1204 probant,
4112 1135 4285 1203 quo-

1258 1243 1497 1308 tientes
1564 1238 2044 1308 differentiales
2109 1237 2313 1329 primi
2378 1236 2629 1305 ordinis
2693 1239 2992 1330 ipsarum
3055 1258 3142 1323 x,
3206 1259 3293 1326 y,
3360 1259 3404 1304 z
3471 1249 3784 1330 respectu
3834 1241 4159 1330 temporis
4210 1241 4281 1308 in

1261 1376 1546 1457 utroque
1596 1390 1754 1434 casu
1806 1365 2105 1432 eiusdem
2155 1365 2415 1431 formae
2445 1385 2731 1455 ¹quoque
2785 1386 2951 1431 esse.
3060 1363 3515 1451 Aequationes
3566 1388 3729 1432 vero
3783 1364 3949 1454 (21)
4003 1366 4286 1433 demon-

1265 1526 1509 1604 strant,
1562 1518 1938 1605 quotientes
1993 1514 2475 1584 differentiales
2529 1511 2805 1581 secundi
2857 1512 3107 1580 ordinis
3162 1480 3266 1627 §dt—³2⁹
3298 1566 3319 1603 ‚
3370 1482 3478 1628 ’ξιξ-
3512 1566 3532 1602 ,
3585 1484 3690 1629 ξιξ
3713 1565 3732 1601 ,
3783 1539 3907 1584 nec
3950 1537 4086 1583 non
4116 1536 4289 1605 quo-

1266 1679 1506 1744 tientes
1559 1676 2039 1744 differentiales
2091 1676 2401 1743 ordinum
2452 1673 2769 1743 altiorum
2811 1694 3041 1740 omnes
3076 1674 3146 1742 in
3176 1685 3462 1766 utroque
3498 1700 3658 1744 casu
3688 1678 3976 1745 formam
4008 1675 4292 1746 eandem

1268 1824 1407 1869 non
1455 1802 1728 1871 habere.
1845 1802 2036 1893 Ergo
2089 1801 2350 1889 quoties
2403 1798 2505 1885 L,
2561 1797 2664 1884 G,
2742 1807 2866 1865 etc.
2936 1810 3090 1867 sunt
3180 1811 3294 1869 aut
3371 1804 3562 1896 ipsae
3643 1805 4020 1872 functiones
4099 1805 4289 1896 ipsa-

1267 1950 1417 1995 rum
1464 1949 1553 2014 ω,
1600 1951 1687 2019 y,
1739 1951 1816 2015 z,
1866 1948 1974 2019 x„
2024 1950 2133 2017 y„
2184 1948 2283 2015 z„
2335 1934 2452 1992 aut
2503 1925 2591 1992 ad
2643 1925 3016 1992 functiones
3069 1926 3308 1997 harum
3361 1931 3808 2019 quantitatum
3860 1927 4290 2013 reducuntur,

1270 2074 1408 2120 non
1454 2054 1662 2121 modo
1721 2077 1948 2122 earum
1999 2052 2462 2154 compositio,
2515 2050 2637 2116 sed
2690 2050 2891 2117 etiam
2944 2076 3173 2121 earum
3224 2057 3626 2148 significatio
3679 2065 3992 2147 respectu
4041 2076 4293 2143 aequa-

1268 2180 1528 2247 tionum
1598 2177 1764 2269 (18)
1835 2189 1903 2247 εἰ
1979 2188 2296 2272 respectu
2362 2176 2833 2265 aequationum
2898 2176 3062 2266 (16)
3129 2181 3367 2249 eadem
3434 2190 3568 2263 σείς
3668 2183 3874 2274 igitur
3936 2178 4298 2273 integralia

1252 2301 1469 2395 sdA,
1503 2302 1716 2396 sdP,
1797 2316 1924 2375 etc.
1974 2314 2135 2399 post
2182 2326 2220 2370 τ
2268 2304 2337 2370 in
2393 2308 2421 2368 t
2475 2310 2831 2388 mutatam,
2915 2326 3054 2371 non
3102 2308 3307 2374 modo
3356 2317 3673 2400 respectu
3724 2330 3957 2375 eorum
4008 2325 4292 2397 compo-

1270 2430 1529 2498 sitionis
1582 2430 1705 2500 sed
1755 2433 1957 2499 etiam
2006 2438 2321 2522 respectu
2372 2452 2604 2498 eorum
2653 2429 3162 2521 significationis
3215 2433 3476 2500 valores
3527 2433 3957 2525 perturbatos
3995 2433 4293 2524 ipsarum

1272 2554 1376 2641 L,
1426 2553 1530 2643 G,
1583 2565 1711 2625 etc.
1761 2555 2206 2648 praebebunt.
2325 2555 2608 2639 Quoties
2673 2577 2835 2623 vero
2900 2558 3279 2625 functiones
3346 2557 3444 2645 L,
3497 2556 3603 2643 G,
3677 2568 3801 2627 etc.
3854 2568 3970 2627 aut
4020 2565 4293 2649 praeter

1270 2704 1427 2773 illas
1476 2706 1883 2794 quantitates
1932 2706 2208 2795 insuper
2255 2671 2361 2817 ’ἐξ
2386 2755 2407 2791 ,
2473 2713 2599 2773 etc.
2663 2672 2771 2817 ἒξ
2841 2714 2969 2775 εἰσ.
3039 2715 3167 2777 εἰσ.
3247 2710 3628 2797 continent,
3717 2719 3834 2778 aut
3911 2709 4294 2777 functiones

1268 2865 1482 2934 modo
1548 2865 1796 2933 horum
1862 2866 2285 2955 quotientum
2352 2872 2542 2951 sunt,
2621 2865 2982 2958 integ-ralia
3050 2866 3175 2934 illa
3238 2869 3446 2936 modo
3513 2878 3834 2960 quantum
3913 2867 4003 2935 ad
4067 2888 4299 2962 earum

1276 2993 1840 3085 compositionem
1917 2993 2181 3059 valores
2263 2991 2692 3081 perturbatos
2774 2992 3072 3082 ipsarum
3138 2992 3236 3080 L,
3309 2994 3415 3080 G,
3485 3006 3646 3084 etc.‚
3727 2996 3863 3062 hoc
3942 3003 4044 3063 est
4104 2993 4298 3061 valo·-

1270 3141 1382 3188 res
1462 3119 1895 3212 perturbatos
1972 3118 2394 3185 functionum
2473 3116 2542 3183 in
2622 3138 2788 3205 quas
2868 3115 2968 3203 L,
3050 3116 3157 3207 G,
3241 3128 3369 3188 etc.
3447 3122 3861 3209 transibunt,
3955 3119 4011 3188 si
4105 3119 4298 3189 valo-

1276 3290 1382 3337 res
1417 3268 1718 3360 ipsarum
1770 3235 1872 3381 {A}
1896 3317 1916 3354 ,
1971 3235 2075 3380 ἒξ
2125 3276 2250 3333 εἰσ.
2320 3275 2447 3333 εἰσ.
2511 3290 2639 3357 per
2709 3276 3090 3337 constantes
3157 3270 3534 3338 arbitrariae
3605 3293 3690 3356 a,
3755 3268 3833 3358 b,
3897 3291 3969 3356 c,
4037 3278 4160 3338 etc.
4229 3277 4298 3336 et

1276 3446 1402 3515 per
1451 3434 1719 3517 tempus
1774 3429 2069 3519 expressi
2123 3426 2463 3494 substituti
2512 3425 2796 3513 fuerint,
2853 3428 3468 3517 subministrabunt,
3520 3431 3705 3520 quod
3755 3432 3993 3499 attinet
4041 3429 4129 3496 ad
4181 3451 4298 3496 ea-

1278 3570 1426 3615 rum
1489 3551 2085 3642 significationem,
2165 3552 2337 3619 haec
2405 3560 2719 3641 respectu
2782 3533 3258 3642 aequationum
3324 3557 3489 3646 (17)
3544 3558 3630 3626 ab
3682 3581 3910 3626 earum
3959 3554 4299 3649 significa-

1277 3673 1464 3742 tione
1515 3684 1827 3765 respectu
1878 3678 2352 3764 aequationum
2406 3674 2571 3762 (18)
2625 3680 3002 3746 necessario
3054 3680 3304 3748 differt.

1382 3839 1385 3846 ·
1476 3798 1555 3867 Si
1605 3798 1673 3866 L
1724 3799 2001 3868 denotat
2062 3802 2478 3870 functionem
2544 3800 2842 3890 ipsarum
2905 3824 2991 3889 x,
3035 3827 3120 3894 y,
3170 3828 3242 3891 z,
3294 3806 3548 3895 absque
3599 3829 3714 3898 x„
3759 3831 3870 3898 y„
3919 3828 4018 3894 z„
4091 3805 4291 3875 diffe—

1281 3925 1808 4015 rentialibusque
1857 3926 2172 3994 ordinum
2222 3928 2570 4010 altiorum,
2640 3929 3069 4014 aequationes
3123 3931 3288 4022 (20)
3342 3934 3570 4001 statim
3622 3934 4060 4028 suppeditant

1754 4096 1916 4143 o:
2019 4045 2161 4189 gl)
2218 4077 2322 4147 da
2378 4080 2462 4164 -1-
2533 4047 2735 4191 (33¹⁴)
2786 4077 2882 4147 db
2938 4083 3022 4167 -ἦ-
3081 4090 3210 4152 εἰσ.
3275 4085 3360 4170 4·
3423 4054 3625 4196 (ἐξ)
3665 4084 3774 4177 dg

3525 4163 3567 4216 g

1281 4257 1358 4328 Si
1406 4259 1612 4360 igitur
1663 4271 1732 4331 εἰ
1782 4263 1974 4330 valor
2019 4263 2451 4357 perturbatus
2505 4265 2717 4357 ipsius
2768 4265 2834 4333 L
2885 4273 2954 4352 et
3002 4267 3194 4336 valor
3241 4271 3671 4364 perturbatus
3722 4272 3932 4364 ipsius
3985 4273 4048 4336 Λ
4097 4267 4304 4338 diffe-

1283 4387 1635 4475 rentiatur,
1684 4387 1970 4456 habetur
2021 4391 2245 4457 statim

2380 4505 2483 4567 dl,
2747 4506 2790 4566 d

2377 4593 2476 4673 ῑῑ
2527 4588 2620 4626 ·--
2672 4522 2846 4675 (212-

1284 4744 1682 4840 designante
1732 4744 1911 4814 linea
1961 4749 2388 4839 superposita
2438 4758 2598 4841 post
2652 4748 3289 4818 differentiationem
3336 4770 3375 4818 τ
3420 4752 3490 4819 in
3540 4755 3571 4818 t
3617 4750 4004 4824 mutandam
4068 4778 4235 4826 esse.
