4773 5892
2023 382 2133 469 21

554 612 670 686 ubi
735 607 1108 681 notandum
1174 613 1279 675 est
1340 603 1787 695 quantitatem
1862 601 1956 671 W
2012 603 2199 697 ipsas
2248 623 2356 692 x„
2405 624 2478 697 9,
2496 651 2516 691 ,
2568 622 2633 695 z,
2705 620 2844 668 non
2908 599 3273 668 continere.
3297 650 3320 669 „
3393 596 3576 666 Hinc

557 737 1078 810 differentiando
1128 733 1555 802 inveniuntur

958 880 1403 1026 ἑῗῖὶἔ...
1312 876 1462 1002 “¹²¹5
1458 873 1855 1020 ΠΞῊ-
1946 872 2383 1036 ΖΞΏΟΞΉ
2411 900 2500 999 ÷
2585 870 2797 1016 33—2'2]
2836 870 3023 1015 (Ξ)

962 1064 1102 1212 50²5
1318 968 1522 1209 {⁵¹3
1552 1062 1737 1207 (ἐζ)
1775 1089 1865 1190 ÷
1888 1062 2156 1224 (Z--ZZJ
2197 1062 2381 1207 (Ξ-ἴ)
2414 1085 2504 1186 ÷
2525 1056 2793 1203 (33-2‘2)
2833 1057 3022 1202 (3—3)

1471 1263 1596 1325 etc.
2504 1260 2629 1320 etc.
2743 1286 2756 1307 ·

561 1404 829 1520 Quodsi
872 1432 1302 1523 aequationes
1329 1431 1469 1501 hae
1496 1433 1567 1501 in
1596 1432 1831 1500 valore
1864 1430 2306 1526 praecedenti
2347 1429 2563 1525 ipsius
2619 1393 2818 1542 “32⁶3
2883 1396 3393 1505 substituuntur,
3440 1425 3579 1486 ter-

564 1595 730 1664 mini
779 1615 1011 1663 omnes
1066 1600 1508 1680 evanescunt,
1570 1595 1800 1684 itaque
1846 1592 1931 1660 fit

1766 1735 1936 1810 doz,
1970 1737 2036 1811 ὂ)

1862 1841 1932 1904 dt

563 1984 633 2046 et
682 1972 926 2044 eodem
973 1974 1184 2047 modo
1237 1973 1734 2045 demonstratur
1783 1999 1931 2045 esse

2084 1804 2271 1850 ΞΟ

1370 2116 1826 2287 d(g't⁶)=o
1870 2218 1894 2257 ‚
1947 2119 2203 2287 ᾱῖζὲῧ)
2252 2186 2464 2253 =o‚
2517 2172 2648 2234 etc.
2705 2170 2835 2231 etc.
2879 2139 2892 2227 s
2951 2119 2965 2135 ι

560 2355 747 2426 unde
822 2355 1120 2444 sequitur
1181 2363 1593 2448 quantitates
1661 2360 1765 2450 (a,
1831 2358 1905 2450 b)
1928 2411 1950 2449 ,
2038 2369 2165 2428 etc.
2243 2365 2515 2447 tempus
2600 2351 2922 2443 explicite
2997 2371 3135 2417 non
3220 2345 3586 2414 continere.

563 2481 795 2566 Quum
839 2503 1002 2550 vero
1053 2486 1459 2571 quantitates
1510 2487 1647 2556 hae
1696 2496 1968 2578 tempus
2021 2506 2160 2553 non
2209 2482 2622 2567 contineant,
2674 2480 2868 2570 ipsae
2923 2472 3024 2569 [a,
3054 2470 3153 2566 b],
3209 2483 3335 2542 etc.
3388 2471 3590 2540 etiam

563 2614 833 2701 tempus
885 2606 1230 2678 continere
1283 2632 1423 2680 non
1468 2621 1778 2705 possunt.

2024 2935 2143 3006 13.

765 3113 962 3198 Quae
1031 3097 1186 3180 sunt
1249 3119 1597 3181 momenta
1664 3113 2038 3205 praecipua
2106 3111 2421 3180 methodi
2472 3109 2858 3180 variationis
2911 3106 3361 3175 constantium
3410 3101 3592 3171 arbi-—

566 3241 918 3309 trariarum
937 3288 956 3324 ,
1008 3237 1226 3327 qualis
1278 3239 1364 3305 ab
1416 3238 1514 3305 ill.
1568 3239 1935 3333 Lagi-ange
1990 3238 2293 3330 expolita
2346 3246 2467 3307 est.
2586 3238 2815 3323 Quum
2863 3221 3223 3328 problema
3270 3239 3596 3314 nostrum,

567 3367 741 3435 sicut
789 3365 1221 3458 problemata
1269 3365 1624 3455 complura
1672 3365 2126 3431 Mechanicae
2147 3412 2166 3448 ,
2217 3364 2289 3428 in
2340 3384 2424 3429 eo
2478 3364 2820 3446 consistat,
2871 3371 2947 3428 ut
2999 3370 3115 3427 aut
3165 3357 3598 3426 coordinatae

568 3507 659 3576 x,
719 3513 808 3580 y,
871 3512 950 3575 z,
1017 3482 1108 3575 ω’,
1155 3481 1246 3575 y',
1298 3481 1380 3572 z',
1449 3496 1577 3554 etc.
1642 3498 1758 3553 aut
1823 3486 2258 3554 coordinatae
2322 3507 2688 3578 corporum
2739 3486 2873 3553 alio
2925 3486 3223 3574 quodam
3269 3483 3478 3552 modo
3526 3483 3599 3550 in

573 3614 797 3706 spatio
849 3614 1016 3680 sitae
1063 3612 1136 3678 in
1187 3612 1535 3679 functione
1585 3614 1910 3703 temporis
1965 3612 2444 3680 exhibeantur:
2495 3612 2794 3702 primum
2841 3613 3293 3703 integratione
3345 3607 3596 3701 aequa-

571 3740 834 3807 tionum
886 3736 1052 3826 (18)
1104 3736 1546 3803 coordinatae
1592 3738 1662 3802 in
1714 3737 2062 3804 functione
2111 3737 2441 3827 temporis
2494 3746 2563 3803 et
2615 3739 3065 3825 quantitatum
3116 3760 3185 3824 a,
3240 3736 3304 3824 b,
3357 3758 3416 3822 c,
3470 3745 3595 3803 etc.

572 3873 925 3950 eruuntur,
979 3870 1048 3930 et
1097 3861 1349 3929 deinde
1400 3861 1854 3953 integratione
1904 3863 2380 3952 aequationum
2434 3861 2599 3953 (25)
2653 3865 3060 3952 quantitates
3115 3886 3185 3949 a,
3239 3861 3322 3951 b,
3356 3884 3416 3949 c,
3471 3871 3597 3931 etc.

570 3989 643 4057 in
688 3989 1040 4056 functione
1087 3988 1416 4080 temporis
1470 3987 1906 4075 exhibentur,
1958 3989 2143 4056 unde
2196 3988 2523 4078 denique,
2573 3992 2739 4081 ipsis
2792 4013 2877 4076 a,
2931 3988 3008 4074 b,
3064 4012 3136 4076 c,
3191 4001 3317 4059 etc.
3376 3989 3597 4058 elimi-

569 4114 782 4199 natis,
853 4113 1289 4181 coordinatae
1360 4116 1430 4182 in
1491 4114 1841 4182 functione
1907 4116 2235 4205 temporis
2289 4115 2614 4207 explicita
2667 4117 3042 4184 eliciuntur.
3147 4118 3343 4201 Quae
3390 4118 3600 4209 igitur

569 4239 972 4327 methodus»,
1052 4250 1410 4332 praeterea
1461 4242 1649 4330 quod
1699 4241 1772 4307 in
1823 4240 2287 4332 applicatione
2338 4242 2429 4310 ad
2499 4216 2794 4334 systema
2844 4253 3147 4312 nostrum
3199 4244 3441 4312 Solate
3491 4245 3600 4310 in-

574 4364 919 4433 commodi
987 4366 1187 4454 quid,
1255 4367 1423 4433 olim
1472 4391 1513 4434 a
1565 4390 1677 4435 me
1746 4367 2105 4457 explicati,
2166 4368 2418 4456 habet,
2482 4393 2612 4462 per
2676 4370 2998 4462 ambages
3050 4370 3138 4437 ad
3192 4372 3599 4439 solutionem

576 4491 1019 4582 problematis
1070 4492 1407 4583 perducit.
1480 4493 1658 4559 Nam
1710 4493 2147 4562 coordinatae
2190 4495 2262 4564 in
2291 4497 2647 4565 functione
2687 4497 3009 4588 explicita
3046 4499 3371 4589 temporis
3404 4496 3597 4564 exhi-

578 4615 877 4704 bendae,
928 4640 1163 4687 revera
1211 4619 1283 4685 in
1331 4618 1685 4687 functione
1737 4621 2064 4712 temporis
2118 4630 2187 4689 et
2237 4623 2688 4712 quantitatum
2741 4645 2822 4708 a,
2876 4618 2938 4708 b,
2995 4631 3158 4709 etc.,
3214 4645 3387 4712 quae
3436 4622 3596 4689 fun-

583 4743 840 4811 ctioues
889 4743 1262 4836 implicitae
1311 4746 1639 4839 temporis
1691 4758 1879 4836 sunt,
1934 4747 2353 4821 exhibentur.
2457 4750 2570 4819 En
2605 4772 2767 4822 vero
2798 4750 3003 4820 huius
3030 4748 3339 4818 methodi
3366 4768 3599 4816 emen·-
