4773 5892
2641 436 2740 494 lv

1176 637 1482 696 netarum
1550 652 1701 696 mea
1763 649 1988 697 casum
2039 628 2410 719 specialem
2457 626 2762 697 theoriae
2808 629 3046 698 Lunae
3091 628 3229 697 hoc
3276 629 3619 700 volumine
3669 633 4016 725 expositae
4066 655 4212 702 sese

1179 788 1498 873 praestat.

1379 932 1760 1019 Antequam
1813 930 2121 999 methodi
2169 929 2367 999 huius
2420 930 2906 1022 expositionem
2954 932 3320 1025 aggredior
3335 980 3355 1016 ,
3407 942 3660 1001 certam
3697 933 3894 1004 huius
3935 935 4215 1028 proble-

1186 1082 1382 1150 matis
1434 1083 1891 1152 conditionem
1939 1065 2366 1176 praemisisse
2405 1061 2599 1151 'haud
2651 1085 2735 1151 ab
2787 1107 2862 1151 re
2915 1092 3035 1152 est.
3136 1084 3495 1176 Integratis
3543 1087 3873 1173 formulis,
3925 1110 4089 1177 quas
4131 1087 4221 1155 ad

1181 1244 1438 1302 motum
1489 1236 1794 1327 corporis
1847 1238 2157 1307 coelestis
2209 1238 2663 1326 cuiuscunque
2713 1236 3296 1304 determinandum
3346 1237 3538 1324 dedi,
3608 1261 3691 1306 eo
3739 1240 3965 1324 modo,
4019 1263 4220 1329 quem

1178 1388 1251 1453 in
1316 1387 1580 1455 theoria
1642 1387 1820 1456 lovis
1894 1399 2099 1479 atque
2164 1390 2438 1458 Saturni
2505 1389 2875 1479 explicavi,
2943 1389 3208 1457 termini
3273 1388 3610 1477 oriuntur,
3677 1392 3794 1479 qui
3854 1414 3982 1483 per
4044 1392 4222 1460 sinus

1183 1549 1299 1606 aut
1361 1541 1625 1608 cosinus
1688 1541 2167 1633 multiplicium
2231 1541 2717 1609 anomaliarum
2782 1540 3154 1609 mediarum
3219 1541 3689 1633 multiplicati,
3752 1543 4048 1634 tempori
4113 1550 4228 1611 aut

1188 1693 1512 1782 temporis
1546 1694 1993 1784 potestatibus
2027 1694 2576 1787 proportionales
2621 1702 2794 1762 sunt.
2898 1694 3035 1778 Qui
3061 1693 3327 1761 termini
3357 1717 3441 1762 ex
3477 1695 3857 1787 integrandi
3896 1694 4227 1765 methodo

1185 1845 1519 1930 oriuntur,
1604 1855 1672 1914 et
1734 1869 1967 1915 revera
2032 1848 2362 1939 originem
2428 1846 2704 1913 trahunt
2768 1869 2805 1913 e
2855 1846 3471 1937 perturbationibus
3521 1869 3695 1937 pure
3744 1846 4108 1938 periodicis
4160 1854 4230 1912 et

1185 1993 1590 2087 plerumque
1640 1999 2071 2091 longissimae
2116 1999 2420 2091 periodi,
2472 2000 2544 2065 in
2590 2021 2872 2087 quarum
2907 2000 3317 2092 argumentis
3358 2007 3628 2089 tempus
3660 1999 3884 2089 ipsum
3910 2022 4038 2091 per
4068 1999 4228 2066 fun-

1185 2149 1441 2217 ctiones
1490 2151 1590 2218 vis
1636 2153 2088 2243 perturbantis
2135 2152 2663 2244 multiplicatum
2712 2151 2955 2219 existit.
3060 2151 3368 2219 Termini
3400 2151 3606 2242 igitur
3633 2151 3772 2237 illi,
3824 2152 3938 2240 qui
3966 2153 4038 2218 in
4069 2150 4227 2242 pla·

1187 2310 1493 2368 netarum
1536 2302 1803 2371 theoria
1850 2313 1919 2372 et
1967 2328 2094 2396 per
2142 2313 2413 2396 tempus
2458 2303 2917 2394 temporisque
2946 2311 3319 2394 potestates
3340 2354 3360 2390 ,
3415 2311 3483 2371 et
3509 2326 3636 2394 per
3668 2304 3849 2372 sinus
3876 2303 4229 2375 cosinusve

1187 2452 1671 2543 multiplicium
1713 2457 2196 2523 anomaliarum
2241 2457 2613 2524 mediarum
2658 2455 3094 2547 multiplicati
3142 2464 3294 2525 sunt
3311 2505 3331 2541 ,
3406 2478 3543 2523 non
3587 2456 3715 2523 nisi
3758 2479 3889 2547 pro
3931 2453 4231 2522 terminis

1180 2580 1426 2698 ‘primis
1475 2606 1877 2675 evolutionis
1927 2607 1999 2675 in
2045 2608 2284 2674 seriem
2330 2608 2663 2674 infinitam
2710 2608 2980 2676 illarum
3021 2609 3447 2677 functionum
3485 2607 3585 2676 vis
3617 2609 4075 2699 perturbantis
4102 2604 4235 2674 ha—

1189 2759 1401 2827 bendi
1464 2767 1652 2846 sunt,
1733 2769 1803 2829 et
1859 2783 2129 2850 semper
2184 2760 2449 2850 quoties
2515 2759 2716 2828 series
2777 2760 2913 2828 hae
2973 2759 3340 2828 admodum
3384 2765 3805 2849 convergunt
3849 2758 3973 2826 snb
4013 2757 4236 2826 forma

1190 2908 1323 2978 hac
1365 2912 1701 2981 tutissime
1740 2913 1812 2981 iu
1855 2934 2054 2982 usum
2100 2913 2326 2982 vocari
2368 2920 2676 3005 possunt.
2779 2911 3062 2996 Quoties
3106 2932 3268 2980 vero
3312 2910 3513 2980 series
3557 2910 3728 2979 istae
3767 2932 3906 2979 non
3951 2932 4233 2981 conver-

1188 3071 1363 3154 gunt
1405 3065 1517 3132 vel
1564 3067 1767 3134 etiam
1802 3066 2189 3158 paullulum
2231 3074 2689 3159 convergunt,
2739 3064 2948 3133 iidem
2997 3064 3266 3132 termini
3313 3063 3654 3176 efficiunt,
3706 3072 3783 3131 ut
3823 3064 4015 3132 brevi
4058 3073 4232 3133 tem-

1186 3217 1376 3307 poris
1458 3218 1681 3309 spatio
1757 3218 2228 3310 praeterlapso
2293 3218 2487 3286 locus
2545 3219 2849 3310 corporis
2900 3217 3211 3286 coelestis
3274 3221 3701 3306 computatus
3759 3240 3801 3282 a
3869 3237 4032 3285 vero
4094 3216 4230 3283 eius

1189 3365 1344 3435 loco
1397 3370 1707 3438 aberrare
1754 3371 2071 3462 incipiat,
2125 3378 2195 3438 et
2239 3371 2458 3461 magis
2504 3372 2858 3465 magisque
2902 3370 2989 3439 ab
3041 3393 3124 3438 eo
3178 3369 3676 3460 discrepaturus
3726 3369 3832 3436 sit.

1388 3518 1470 3585 ln
1524 3521 1956 3611 planetarum
2014 3522 2396 3612 systematis
2443 3524 2659 3590 nostri
2704 3523 2938 3592 solaris
2986 3531 3179 3592 motu
3217 3522 3508 3608 termini,
3580 3520 3669 3587 de
3719 3519 3961 3609 quibus
4002 3515 4227 3607 loqui-

1189 3691 1357 3755 mur,
1415 3672 1616 3740 series
1662 3673 1952 3740 maxime
1986 3678 2471 3763 convergeutes
2505 3674 2919 3742 constituunt
2933 3723 2954 3761 ,
3003 3676 3231 3763 itaque
3277 3674 3515 3765 primis
3560 3680 3818 3740 tantum
3849 3671 4091 3738 harum
4123 3691 4232 3736 se-

1186 3821 1433 3892 rierum
1498 3825 1807 3892 terminis
1864 3824 1937 3890 in
2000 3823 2337 3892 calculum
2399 3825 2653 3892 vocatis
2668 3873 2688 3910 ,
2751 3825 2941 3893 locus
2987 3824 3309 3916 planetae
3356 3826 3613 3914 absque
3667 3842 3890 3891 errore
3935 3817 4232 3888 sensibili

1185 3997 1316 4066 per
1377 3976 1660 4070 longam
1722 3997 2054 4044 annorum
2110 3976 2352 4045 seriem
2397 3977 2657 4069 optime
2702 3978 3196 4069 repraesentari
3251 3985 3519 4069 potest,
3585 3977 3722 4043 imo
3772 3971 3907 4038 hoc
3950 3970 4023 4035 in
4074 3991 4230 4037 casu

1187 4124 1565 4197 functiones
1616 4128 2010 4221 periodicae
2024 4175 2043 4213 ,
2092 4151 2131 4196 e
2178 4127 2422 4217 quibus
2465 4129 2732 4197 termini
2778 4129 2883 4197 illi
2931 4131 3236 4198 oriuntur
3253 4178 3273 4214 ,
3340 4136 3626 4221 propter
3668 4120 4230 4208 incertitudinem,

1188 4297 1362 4364 quae
1409 4277 1643 4343 massis
1687 4281 2117 4368 planetarum
2161 4303 2431 4373 semper
2471 4281 2889 4368 inhaerebit,
2939 4306 3189 4376 magna
3237 4305 3389 4350 cum
3445 4276 3864 4372 praecisione
3910 4272 4232 4340 determi-

1188 4428 1334 4495 nari
1383 4405 1742 4518 nequeunt.
1842 4429 2020 4495 Nam
2060 4427 2506 4518 longitudinis
2520 4484 2541 4517 ,
2595 4435 2965 4505 latitudinis
3012 4444 3083 4504 et
3140 4434 3314 4503 radii
3357 4430 3645 4502 vectoris
3688 4425 4231 4520 perturbationes

1187 4581 1596 4673 generaliter
1641 4581 1934 4649 formam
1979 4579 2268 4648 induunt
2307 4578 2489 4649 hanc

1191 4725 1610 4830 affligi-²⁴
1609 4728 1683 4826 ε’
1687 4727 2695 4830 ÷i'‘g”†010·÷w1²÷21)÷⁶
2710 4722 3458 4830 εὶυῦε-ῑ-ἱἙ-ΗἝΉ-
3469 4681 4225 4822 ὲῑὸ·-1-βπῑ-1-Β)-Ι-εῐσ·
