4773 5892
2105 408 2166 494 5

627 635 827 715 stare,
878 633 948 695 et
998 626 1253 720 figuras
1303 626 1809 719 superficierum
1859 648 2221 721 corporum
2265 625 2517 696 horum
2566 649 2608 696 a
2651 648 2727 696 se
2768 625 3057 695 invicem
3095 624 3635 719 independentes

630 774 798 840 esse,
846 753 1213 849 integratio
1264 752 1530 846 integra
1544 804 1566 841 ‚
1614 778 1819 844 quam
1866 754 1910 822 λ
1956 754 2268 845 requirit,
2321 755 2394 823 in
2441 762 2547 822 tot
2596 753 3079 846 integrationes
3129 752 3443 844 duplices
3496 751 3637 819 dis-

628 879 963 968 tribuitur‚'
1011 888 1180 970 quot
1224 878 1425 948 binae
1476 880 2007 951 combinationes
2057 902 2420 974 corporum
2471 879 2750 967 adsunt,
2812 887 2880 947 et
2928 879 3082 971 ipsa
3127 879 3170 946 λ
3220 902 3302 948 ex
3349 878 3641 946 totidem

626 1007 929 1076 terminis
979 1015 1264 1094 constat,
1315 1006 1387 1073 in
1435 1006 1676 1095 quibus
1726 1028 1996 1097 quoque
2045 1006 2532 1101 integrationes
2561 1031 2602 1076 a
2646 1029 2720 1076 se
2764 1005 3055 1075 invicem
3093 1002 3633 1097 independentes

627 1140 805 1202 sunt.
904 1132 1252 1203 Habemus
1301 1133 1511 1226 igitur
1559 1130 1851 1220 denique

1174 1334 1334 1402 2,-
1240 1358 1335 1371 -.
1357 1261 2585 1452 „gss-——ss
1967 1278 2106 1341 dm·
2128 1270 2249 1341 ‘'m'
3667 1373 3786 1395 ......
3798 1322 3917 1414 (s)

1620 1385 2579 1480 *se-W
1944 1406 2267 1483 ÷<v1—n‘2›
2280 1409 2592 1483 [ιε-εν

629 1531 751 1602 ubi
800 1533 1069 1626 signum
1118 1534 1194 1603 Σ
1234 1537 1326 1606 ad
1373 1538 1567 1607 binas
1618 1559 1984 1630 corporum
2030 1557 2140 1623 m,
2194 1528 2307 1622 m',
2356 1528 2488 1622 m''‚
2555 1544 2682 1605 etc.
2752 1536 3279 1605 combinationes
3343 1535 3647 1604 referen-

2785 1655 2973 1722 (vt—1)

2860 1751 2898 1803 2

631 1874 707 1921 re
754 1853 1008 1923 indicet
1027 1905 1049 1943 ,
1122 1858 1388 1947 quoties
1440 1880 1754 1927 numerus
1806 1880 2170 1951 corporum
2219 1865 2322 1928 est
2367 1879 2439 1927 n.
2544 1858 2901 1943 Quantitas
2951 1859 3025 1937 Σ
3070 1817 3169 1962 (ἶ
3126 1819 3272 1975 -ἒ,)
3301 1880 3475 1949 quae
3501 1855 3650 1949 pri-

634 1691 797 1761 dum
844 1701 981 1781 est,
1034 1695 1133 1764 ita
1181 1704 1258 1765 ut
1311 1718 1415 1766 ex.
1465 1720 1571 1790 gr.
1626 1697 1898 1791 signum
1943 1695 2019 1764 Σ
2063 1696 2511 1786 quantitatem
2557 1696 2600 1764 λ
2651 1719 2735 1767 ex
3025 1697 3327 1766 terminis
3378 1705 3649 1764 consta-

630 2025 785 2073 mae
832 2008 1220 2096 aequationi
1269 2004 1386 2099 (7)
1435 2009 1645 2097 inest,
1726 2007 2041 2104 designat
2098 2010 2322 2101 ipsam
2382 2009 2427 2077 λ
2472 2019 2792 2103 respectu
2842 2010 3278 2079 coordinatae
3328 2001 3371 2091 5
3414 2006 3656 2100 puncti

630 2130 953 2221 cuiusque
1001 2156 1263 2203 massae
1310 2156 1386 2201 m
1436 2134 2026 2204 differentiandam
2076 2159 2224 2205 esse
2276 2144 2344 2204 et
2392 2145 2555 2228 post
2604 2136 3242 2205 differentiationem
3283 2136 3463 2203 hanc
3489 2155 3654 2226 per-

560 2307 566 2315 .
630 2264 855 2323 actam
903 2259 1279 2346 quotientes
1333 2259 1825 2330 differentiales
1878 2283 2110 2330 omnes
2163 2261 2516 2330 addendos
2568 2285 2733 2329 esse.
2837 2260 3066 2345 Quum
3115 2285 3278 2330 vero
3328 2259 3657 2329 differen-

631 2414 947 2485 tiationes
996 2415 1130 2486 hae
1183 2419 1270 2487 ab
1319 2420 1904 2512 integrationibu8‚
1955 2442 2121 2508 quas
2146 2420 2189 2487 λ
2212 2420 2544 2511 postulat,
2592 2420 3132 2512 independentes
3183 2422 3337 2507 sint,
3389 2420 3461 2486 Σ
3491 2376 3607 2537 (Ξ

636 2564 842 2632 etiam
890 2566 1235 2636 obtinetur
1286 2564 1807 2636 differentiando
1856 2569 2079 2660 ipsam
2126 2568 2170 2636 λ
2218 2577 2536 2661 respectu
2581 2570 3015 2640 coordinatae
3065 2563 3108 2653 5
3150 2573 3389 2664 puncti
3431 2574 3660 2642 cuius-

631 2688 734 2759 vis
802 2692 1108 2784 corporis
1167 2714 1243 2759 m
1304 2692 1448 2760 sive
1496 2700 1660 2785 post
1705 2694 2191 2787 integrationes
2241 2703 2556 2787 peractas
2624 2696 2764 2765 sive
2814 2699 2940 2767 sub
2992 2698 3189 2791 signo
3256 2698 3659 2793 integratio-

630 2848 758 2918 nis.
857 2849 1044 2919 Hine
1092 2851 1500 2921 concludere
1548 2852 1743 2931 licet,
1810 2854 1970 2922 loco
2020 2853 2095 2920 Σ
2139 2812 2301 2974 (Tg)
2356 2853 2431 2923 in
2477 2856 2701 2948 prima
2765 2860 3170 2950 aequatione
3222 2858 3338 2950 (7)
3394 2859 3664 2954 simpli·

633 3008 800 3079 citer
851 2968 1015 3128 (ῑὲ)
1066 3014 1238 3105 poni
1284 3036 1526 3107 posse,
1608 3013 1982 3086 dummodo
2043 3017 2357 3107 quotiens
2427 3016 2897 3090 differentialis
2947 3020 3069 3090 hic
3121 3043 3206 3090 ex
3256 3020 3665 3110 aequatione

634 3166 750 3259 (8)
802 3179 1251 3265 computetur.
1355 3171 1672 3263 Denique
1718 3174 1926 3245 facile
1972 3176 2384 3270 intelligitur
2430 3179 2794 3248 terminum
2855 3180 2930 3247 Σ
2973 3137 3077 3286 -ξ
3122 3203 3197 3248 m
3247 3182 3509 3273 primae
3543 3202 3664 3248 ae-

634 3327 970 3418 quationis
1024 3329 1140 3420 (7)
1192 3333 1266 3402 in
1317 3337 1654 3430 integrale
1678 3297 1879 3441 [ἐς
1814 3294 1877 3362 ²3
1942 3336 2083 3405 dm
2149 3361 2279 3428 per
2345 3346 2566 3405 totam
2647 3361 2938 3407 massam
3013 3361 3089 3406 m
3165 3336 3666 3408 extendendum

636 3476 844 3547 abire.
963 3478 1194 3564 Quum
1260 3484 1702 3573 aequationes
1768 3483 2070 3572 reliquae
2134 3480 2249 3572 (7)
2314 3485 2907 3557 transmutationes
2972 3488 3297 3582 analogas
3365 3490 3437 3558 in
3507 3511 3667 3559 casu

635 3622 842 3691 quem
890 3603 1392 3675 consideramus
1442 3610 1823 3699 patiantur,
1889 3608 2219 3677 habemus
2269 3607 2428 3676 loco
2481 3631 2710 3677 earum

1007 3758 1853 3959 sema-32>
1887 3768 2572 3955 sat-:wm-
2507 3775 2721 3963 2232)
2763 3769 3488 4076 semme
3376 3783 3546 4197 ἑ)
3665 3769 3969 4030 [9

1108 4000 1848 4195 *ζμ
1984 4002 2690 4195 Um&
2635 3999 3006 4188 m}
3025 4056 3285 4130 dm:
3721 3990 3841 4009 ......

1534 4234 1666 4296 etc.
2571 4234 2698 4295 etc.

633 4368 706 4437 in
754 4369 998 4460 quibus
1049 4394 1189 4442 non
1237 4376 1457 4446 minus
1509 4400 1715 4469 quam
1762 4377 1836 4445 in
1886 4376 2286 4467 aequatione
2336 4372 2454 4464 (8)
2505 4366 2578 4463 5,
2640 4398 2688 4469 η
2706 4424 2727 4462 ,
2797 4374 2869 4463 ζ,
2938 4377 3368 4480 coordinatas
3431 4382 3674 4474 puncti

618 4492 924 4578 ¹cuiusvis
976 4500 1283 4590 corporis
1333 4523 1441 4591 m,
1491 4495 1548 4585 ξ’
1562 4553 1583 4591 ,
1634 4495 1732 4598 η’,
1787 4496 1845 4589 ζ
1861 4552 1882 4590 ,
1937 4502 2364 4571 coordinatas
2415 4500 2657 4594 puncti
2708 4502 2997 4571 cuiusvis
3050 4507 3355 4598 corporis
3404 4501 3496 4574 m'
3517 4557 3538 4594 ‚
3601 4516 3672 4577 et

641 4614 737 4682 sic
783 4640 991 4722 porro
1005 4671 1029 4711 ‚
1095 4623 1425 4695 denotant
1440 4678 1462 4717 ,
1529 4651 1706 4719 quae
1757 4628 2195 4700 coordinatae
2244 4650 2480 4699 omnes
2532 4628 2868 4724 originem
2916 4629 3202 4702 eandem
3249 4631 3669 4701 arbitrariam

638 4736 916 4811 habent.
