4773 5892
2615 399 2778 487 128

1163 628 1481 717 quoniam
1533 626 1800 693 termini
1847 624 1920 691 in
1970 620 2012 707 ζ
2055 644 2183 716 per
2235 620 2304 709 (τ
2334 659 2438 673 -
2464 619 2525 710 t)
2578 620 3067 713 multiplicati,
3135 622 3254 710 qui
3300 623 3374 688 in
3420 622 3657 689 valore
3706 624 3920 714 ipsius
3971 643 4017 687 z
4065 624 4221 711 qui-

1164 753 1320 821 dem
1386 757 1831 833 evanescunt,
1919 770 2209 839 quorum
2258 770 2424 817 vero
2474 771 2788 818 numerus
2839 748 2911 815 in
2962 746 3003 833 ζ
3047 749 3454 840 praesertim
3503 749 3577 816 in
3626 747 4227 840 approximatione

1169 878 1464 947 secunda
1516 887 1584 945 et
1635 873 1987 943 altioribus
2037 874 2407 943 admodum
2456 897 2743 967 magnus
2796 884 2936 960 est,
2987 876 3266 944 omnino
3317 897 3458 944 non
3509 875 3782 944 adsunt.

1364 1004 1479 1072 Ad
1544 1002 1681 1070 hoc
1748 1002 2183 1093 propositum
2233 1002 2732 1090 assequendum
2803 1002 3252 1091 quantitatem
3308 1002 3404 1088 Τ,
3487 1025 3700 1092 quae,
3769 1003 4229 1095 integratione

1166 1133 1393 1223 priore
1435 1137 1753 1219 respectu
1801 1127 2015 1219 ipsius
2063 1150 2101 1194 τ
2149 1128 2475 1212 instituta,
2525 1136 2844 1219 respectu
2891 1128 3105 1220 ipsius
3155 1135 3185 1195 t
3235 1128 3642 1221 integranda
3686 1135 3883 1213 esset,
3932 1127 4234 1220 primum

1169 1266 1486 1349 respectu
1535 1256 1748 1348 ipsius
1799 1260 1829 1320 t
1877 1253 2260 1346 integrabo,
2314 1263 2384 1322 et
2438 1252 2708 1340 deinde,
2758 1263 3018 1323 mutata
3064 1277 3103 1323 τ
3151 1256 3224 1323 in
3270 1262 3320 1343 t,
3374 1256 3661 1323 alteram
3703 1255 4230 1347 integrationem

1167 1393 1486 1474 respectu
1537 1383 1750 1473 ipsius
1803 1386 1831 1446 t
1882 1402 2233 1473 peragam.
2354 1377 2492 1463 Qui
2543 1380 2934 1472 integrandi
2982 1382 3154 1451 ordo
3206 1383 3413 1450 etiam
3460 1381 3894 1450 adhibendus
3968 1391 4108 1465 est,
4173 1383 4231 1449 si

1168 1509 1496 1578 formulas
1546 1518 1809 1602 nostras
1862 1506 1952 1574 ad
2006 1515 2422 1575 cometarum
2473 1506 3039 1598 perturbationes,
3093 1533 3269 1600 quae
3299 1532 3438 1601 ope
3469 1508 4036 1598 quadraturamm
4077 1529 4228 1576 me-

1168 1635 1639 1719 chaniam,
1691 1656 1859 1724 quas
1912 1633 2168 1719 dicunt,
2222 1633 2583 1701 eliciuntur
2603 1682 2622 1718 ,
2675 1633 3182 1727 investigandas
3232 1635 3566 1704 adhibere
3615 1634 3806 1703 velis.

1370 1759 1601 1845 Quum
1651 1759 1723 1826 in
1770 1768 1961 1827 motu
2011 1760 2251 1828 Lunae
2300 1781 2442 1825 non
2489 1758 2700 1827 modo
2762 1761 3034 1829 termini
3097 1762 3377 1830 secundi
3446 1761 3699 1829 ordinis
3752 1768 4073 1852 respectu
4126 1762 4230 1825 vis

1163 1887 1651 1980 perturbantiS,
1705 1885 1828 1953 sed
1882 1886 2088 1954 etiam
2137 1884 2410 1952 termini
2460 1870 2775 1953 nonnulli
2825 1886 3006 1954 tertii
3059 1888 3312 1957 ordinis
3362 1891 3502 1957 vim
3552 1887 3892 1971 habeant,
3962 1885 4227 1953 formu-

1166 2014 1266 2081 las
1318 2014 1619 2080 valorem
1668 2011 1881 2102 ipsius
1932 2033 1977 2079 z
2028 2019 2098 2079 et
2147 2012 2359 2103 ipsius
2411 2031 2478 2078 w
2528 2012 3050 2103 suppeditantes
3117 2037 3334 2104 usque
3399 2015 3489 2084 ad
3540 2015 3951 2104 quantitates
4004 2013 4229 2099 quarti

1168 2139 1421 2207 ordinis
1477 2136 1789 2207 omnibus
1838 2137 2146 2229 partibus
2201 2136 2511 2228 expletas
2563 2138 2894 2209 evolvam.

2651 2469 2718 2533 2.

1370 2641 1817 2708 Resumamus
1859 2638 2234 2709 formulam

2469 2788 2741 2970 dGL}

2469 2901 2803 3119 ἀ(Ξ-ἷ)

1169 3313 1343 3377 quae
1361 3339 1381 3372 .,
1433 3288 1731 3356 indicata
1784 3284 2360 3356 differentiatione
2409 3287 2753 3370 instituta,
2807 3286 2889 3352 fit

2217 3099 2452 3167 T:

2759 3453 2863 3517 ἀῖζ

2030 3530 2627 3785 ἕέἶῧ
2656 3453 3193 3786 (3-9Ῑὲ

1371 3896 1600 3979 Quum
1653 3891 2025 3962 secundum
2075 3897 2201 3958 art.
2258 3891 2375 3966 18.
2430 3889 2612 3960 Sect.
2662 3889 2750 3958 11.
2802 3850 2878 3998 :ll—t
2924 3892 3012 3961 sit
3064 3898 3405 3984 quantitas
3459 3902 3644 3969 ouius
3699 3901 4019 3969 terminus
4072 3922 4113 3963 a
4160 3900 4226 3964 vi

1169 4044 1605 4136 perturbante
1656 4043 2129 4134 independens
2184 4042 2407 4111 unitas
2457 4043 2608 4134 ipsa
2663 4050 2803 4129 est,
2855 4067 3190 4136 ponamus

2073 4211 2250 4379 (ἐξ
2388 4256 2702 4352 =1÷
2749 4210 2940 4381 (522⁵.-

1176 4488 1288 4556 ubi
1336 4488 1546 4584 igitur
1612 4442 1835 4589 (gaz-³]
1879 4485 2206 4553 terminos
2270 4487 2703 4555 solummodo
2768 4491 3074 4559 continet
3142 4515 3184 4558 a
3247 4493 3317 4557 vi
3387 4490 3828 4582 perturbante
3890 4490 4220 4582 prolatos.

1175 4639 1557 4709 Substituta
1622 4636 1757 4704 hac
1818 4636 2254 4728 expressione
2317 4638 2391 4705 in
2456 4639 2916 4730 praecedente
2967 4642 3405 4735 expressione
3452 4640 3669 4732 ipsius
3729 4639 3829 4726 T,
3909 4641 4222 4724 babetur,

1176 4765 1231 4830 si
1283 4764 1583 4832 evolutio
1631 4785 1846 4852 usque
1896 4762 1989 4832 ad
2037 4764 2453 4854 quantitates
2504 4765 2727 4853 quarti
2777 4765 3032 4834 ordinis
3081 4765 3394 4856 perfecta
3446 4767 3595 4849 erit,
