4773 5892
2130 301 2142 309 .

1354 598 1511 665 Non
1560 598 1768 666 modo
1820 622 2073 666 massas
2125 606 2416 687 quatuor
2467 622 2831 692 corporum
2880 623 3011 692 per
3059 597 3168 685 M,
3219 621 3329 685 m,
3381 592 3495 685 m',
3547 601 3686 689 m“‚
3741 621 3781 667 e
3831 597 4073 688 quibus
4124 597 4224 667 M

1130 721 1246 789 ,ad
1297 746 1542 817 corpus
1592 726 2009 815 primarium,
2066 726 2207 794 sive
2258 726 2347 792 ad
2401 749 2669 818 corpus,
2724 729 2977 794 circum
3029 727 3213 816 quod
3268 726 3534 794 relativi
3584 724 4003 814 reliquorum
4056 748 4214 793 cor-

1155 870 1405 939 porum
1470 858 1692 917 motus
1758 852 2213 945 investigandi
2281 859 2474 935 sunt,
2557 853 2891 956 pertinet,
2958 854 3373 946 designabo,
3419 852 3565 919 ffsed
3618 832 3822 920 etiam
3872 853 4217 941 quantita-

1156 981 1260 1042 tes
1311 975 1639 1064 reliquas,
1693 974 1935 1064 quibus
1987 985 2291 1063 utemur,
2342 977 2589 1046 iisdem
2638 980 2880 1048 litteris
2934 989 3138 1070 atque
3187 981 3259 1047 in
3310 978 3739 1048 Sectionibus
3791 978 4215 1069 praeceden-

1158 1099 1377 1186 tibus,
1444 1105 1560 1170 aut
1608 1102 1911 1189 nullum,
1946 1139 1952 1143 ·
1982 1111 2101 1170 aut
2149 1126 2393 1190 unum,
2461 1111 2579 1170 aut
2629 1104 2766 1171 duo
2820 1108 3173 1174 commatis
3228 1108 3425 1198 signa
3476 1079 3807 1195 affigenS,
3872 1125 4008 1193 quo
4059 1125 4215 1172 cor-

1155 1249 1329 1318 pus,
1402 1228 1490 1294 ad
1541 1228 1726 1317 quod
1776 1227 1911 1295 hae
1960 1230 2369 1317 quantitates
2426 1237 2773 1320 spectent,
2845 1233 3218 1319 indicetur,
3298 1232 3662 1299 denotabo.
3785 1230 3869 1298 In
3916 1230 4052 1297 hoc
4102 1237 4216 1297 ta-

1156 1373 1316 1419 men
1395 1376 1436 1419 a
1516 1355 2010 1447 significatione
2093 1357 2165 1423 in
2255 1356 2695 1448 praecedenti
2772 1357 3010 1426 Lunae
3089 1358 3359 1427 theoria
3443 1357 3751 1425 adhibita
3850 1356 4216 1449 digrediar,

1153 1477 1342 1566 quod
1423 1480 1579 1547 loco
1661 1482 2114 1571 quantitatum
2178 1503 2312 1571 ny,
2394 1504 2527 1568 na,
2609 1504 2738 1575 πη,
2826 1493 2953 1551 etc.
3028 1493 3097 1551 et
3180 1485 3499 1552 similium
3555 1483 3657 1585 ,ad
3727 1482 3991 1571 reliqua
4062 1504 4215 1549 cor-

1158 1624 1333 1694 pora
1385 1609 1835 1696 spectantium
1884 1608 2064 1675 infra
2114 1604 2489 1700 simplicius
2538 1632 2627 1699 y,
2675 1633 2753 1695 α,
2802 1631 2883 1701 η,
2939 1617 3066 1680 etc.
3089 1659 3109 1697 ‚
3178 1606 3623 1679 commatibus
3678 1609 3923 1677 debitis
3972 1608 4220 1694 affixis,

1163 1751 1447 1820 ponam.
1522 1700 1527 1711 x

1360 1854 1641 1924 Praeter
1691 1857 2099 1946 quantitates
2119 1906 2140 1944 ,
2191 1881 2368 1947 quae
2420 1861 2850 1952 potissimum
2902 1842 3008 1929 ad¹
3040 1846 3261 1930 unum*
3299 1864 3546 1954 corpus
3597 1868 3948 1953 spectant,
4000 1882 4220 1949 quan-

1159 1978 1388 2047 titates
1437 1980 1527 2049 ad
1580 1983 1717 2051 duo
1769 2006 2063 2076 corpora
2111 1984 2513 2055 relationem
2562 1988 2896 2055 habentes
2951 1986 3277 2076 aderunt,
3355 2011 3532 2078 quae
3598 1988 3695 2054 ita
3761 1986 4223 2079 designabun-

1048 2188 1055 2193 ,
1159 2111 1303 2191 tur,
1386 2114 1463 2175 ut
1526 2132 1844 2181 numerus
1913 2118 2327 2179 commatum
2393 2134 2695 2189 summae
2763 2113 3029 2182 litterae
3095 2115 3500 2189 affixorum
3528 2114 3782 2221 indicet
3834 2136 4081 2211 corpus
4134 2111 4224 2180 ad

1163 2232 1350 2299 cuius
1396 2220 1666 2303 motum
1715 2238 2097 2328 pertinent,
2152 2244 2222 2305 et
2272 2237 2589 2305 numerus
2643 2218 3057 2353 commatum
3108 2241 3287 2309 imae
3339 2242 3609 2308 litterae
3658 2220 4019 2307 affixorum
4070 2261 4222 2307 cor-

1161 2379 1293 2447 pus
1347 2361 1635 2429 alterum
1684 2364 2091 2431 relationem
2138 2362 2422 2430 habenS.
2519 2384 2524 2387 ·

1363 2484 1461 2550 Et
1526 2511 1788 2556 massae
1850 2489 2364 2582 perturbantes,
2453 2499 2523 2557 et
2589 2490 3134 2591 excentricitates‘
3175 2493 3786 2581 inclinationesque
3835 2499 4109 2559 mutuae
4157 2490 4229 2556 in

1164 2610 1599 2695 sequentibus
1652 2617 2066 2702 quantitates
2118 2615 2450 2706 parvulae
2499 2616 2705 2706 primi
2758 2616 3014 2683 ordinis
3067 2619 3532 2709 appellantur,
3585 2618 3772 2707 quod
3824 2618 3919 2683 ita
3968 2614 4225 2681 intelli-

1162 2733 1469 2823 gendum
1522 2746 1659 2822 est,
1724 2747 1801 2807 ut
1848 2740 1984 2808 hae
2035 2743 2446 2830 quantitates
2500 2763 2640 2808 non
2683 2716 2976 2808 'maiores
3003 2802 3008 2807 .
3032 2765 3180 2810 esse
3235 2744 3565 2828 debeant,
3640 2766 3846 2832 quam
3895 2749 3971 2808 ut
4021 2741 4226 2827 series

1163 2856 1535 2954 infinitae,¹
1583 2865 1654 2933 in
1705 2886 1873 2955 quas
1924 2867 2261 2937 formulae
2313 2876 2618 2953 nostrae,-
2706 2867 2973 2957 quoties
3023 2870 3499 2960 applicantur,
3567 2868 4000 2938 evolvendae
4049 2836 4227 2954 sunt,

1165 2997 1603 3078 convergant.
1721 2980 2244 3060 Inclinationem
2306 3014 2471 3060 vero
2537 2993 2913 3062 orbitarum
2977 3015 3208 3064 versus
3282 2997 3568 3088 planum
3618 2995 4056 3089 proiectionis
4110 3017 4230 3066 seu

1162 3108 1679 3184 fundamentale
1732 3116 2110 3205 quamlibet
2157 3125 2228 3186 et
2276 3116 2558 3205 quidem
2608 3099 3060 3205 quantitatem
3107 3121 3373 3208 finitam
3425 3148 3610 3210 esse,
3659 3125 3754 3192 ·in
3810 3123 4228 3210 subsequen-

1163 3235 1367 3306 tibus-
1396 3260 1536 3305 non
1585 3241 1804 3310 minus
1859 3265 2065 3331 quam
2112 3243 2185 3309 in
2238 3211 2807 3334 praecedentib'us
2861 3248 3298 3336 supponitur.
3417 3251 3784 3320 Brevitatis
3852 3259 4087 3318 caussa
4154 3249 4227 3320 iu

1164 3363 1732 3453 subsequentibus
1783 3367 2115 3438 formulas
2164 3368 2257 3436 ad
2308 3376 2599 3461 corpora
2649 3363 2762 3437 m'.
2794 3380 3024 3459 atque.
3046 3378 3149 3439 m'‘
3181 3384 3590 3469 spectantes
3644 3399 3852 3468 saepe
3897 3397 4231 3467 suppres-

1062 3515 1083 3533 ·
1170 3510 1385 3562 surusx
1413 3490 1739 3585 formulas
1773 3501 2056 3585 *tantum
2107 3494 2201 3562 ad
2248 3517 2325 3562 m
2376 3505 2766 3589 spectantes
2819 3518 3169 3587 apponam
3189 3549 3208 3586 ,
3263 3525 3346 3571 ex
3396 3505 3675 3593 quibus,
3727 3503 4002 3571 mutatis
4083 3537 4090 3542 ·

1473 3644 1960 3729 quantitatibus
2015 3633 2363 3730 omnibus,
2414 3667 2591 3735 quae
2642 3646 2729 3713 ad
2779 3667 2855 3712 m
2907 3659 2948 3712 .“
2977 3695 2995 3716 .
3039 3675 3063 3717 ·.
3114 3644 3205 3716 m'
3257 3702 3274 3718 .
3330 3701 3348 3719 .
3402 3703 3419 3719 .
3469 3657 3576 3719 m''
3625 3635 3962 3743 spectant,

1290 3793 1299 3799 ’
1414 3813 1418 3819 ’
1470 3789 1652 3883 resp.
1704 3793 1776 3859 in
1825 3793 2237 3881 quantitates
2290 3794 2380 3862 ad
2763 3787 2855 3861 m'
2893 3844 2910 3863 .
2963 3847 2980 3865 .
3032 3848 3049 3865 .
3081 3783 3207 3867 'm''
3242 3850 3258 3866 .
3313 3852 3328 3868 .
3384 3855 3402 3872 .
3451 3825 3524 3871 m
3559 3801 4084 3896 pertinentes,

1172 3905 1525 4010 formulae
1557 3965 1688 4035 pro
1739 3935 1869 4029 m'‚
1924 3951 1992 4012 et
2038 3952 2410 4037 postquam
2462 3945 2533 4013 in
2582 3943 2691 4015 his
2748 3945 3032 4028 eaedem
3080 3953 3489 4073 mutationes
3543 3955 3770 4064 factae
3821 3962 4062 4068 erunt,
4088 3953 4234 4072 for—

1172 4055 1396 4136 mulae
1449 4092 1582 4188 pro
1631 4073 1737 4138 m''
1760 4092 2065 4168 semper
2116 4071 2496 4190 eliciuntur.
