4773 5892
2455 373 2685 457 ¹v1

1094 572 1308 642 millia
1347 582 1680 638 annorum
1711 575 1865 636 ante
1895 573 1963 633 et
1991 572 2149 657 post
2180 564 2518 657 epocham
2548 567 3009 658 complectens
3038 567 3308 637 termini
3346 590 3473 660 per
3489 556 3787 639 ⁸altiores
3817 574 4143 663 temporis

1093 732 1471 819 potestates
1505 720 1935 811 multiplicati
1966 721 2106 787 vim
2132 741 2269 787 non
2296 720 2572 788 habent.

1297 878 1379 945 ln
1417 878 1652 945 Lunae
1701 882 1926 955 motu,
1989 880 2315 961 quatenus
2362 898 2405 940 a
2451 826 2617 941 sole
2660 872 3130 964 perturbatur,
3197 895 3302 940 res
3348 895 3537 941 secus
3586 897 3660 942 se
3699 873 3944 958 habet3
4008 877 4145 945 hoc

1099 1032 1276 1100 enim
1305 1031 1377 1100 in
1410 1052 1564 1097 casu
1599 1051 1677 1113 a,
1725 1027 1804 1115 β,
1857 1035 1980 1095 etc.
2012 1026 2295 1093 maiores
2326 1027 2586 1094 numeri
2615 1035 2805 1111 sunt,
2857 1036 2926 1094 et
2955 1025 3410 1094 coefficientes
3443 1047 3525 1113 a,
3577 1023 3653 1111 b,
3707 1036 3832 1095 etc.
3874 1053 4143 1122 semper

1096 1185 1409 1268 minores,
1460 1203 1662 1270 quam
1694 1180 1768 1246 in
1795 1179 1919 1247 illo
1953 1178 2399 1270 problemate,
2452 1179 2522 1246 in
2550 1179 2849 1249 terminis
2889 1180 3090 1247 etiam
3122 1178 3239 1245 ubi
3273 1170 3315 1273 ἴ
3337 1202 3420 1240 z:
3443 1199 3502 1247 o.
3587 1179 3814 1263 Quum
3843 1204 4004 1250 vero
4033 1184 4139 1251 illi

1096 1338 1377 1405 maiores
1406 1335 1558 1419 sint,
1609 1340 1678 1399 et
1709 1354 1759 1398 n
1796 1341 2107 1424 respectu
2136 1322 2359 1423 motus
2388 1332 2566 1400 Solis
2598 1333 2738 1401 sive
2768 1332 3024 1400 Terrae
3053 1355 3336 1424 magnus
3367 1354 3678 1401 numerus
3712 1335 3832 1419 sit,
3884 1336 4139 1404 factum

1099 1498 1221 1574 est,
1250 1495 1328 1555 ut
1355 1486 1623 1554 termini
1650 1485 1843 1553 seriei
1868 1485 2333 1577 praecedentis
2360 1508 2488 1576 per
2517 1486 2893 1577 superiores
2926 1484 3249 1577 temporis
3284 1493 3657 1577 potestates
3684 1486 4158 1578 multiplicatis

1097 1641 1384 1734 parvulo
1418 1639 1740 1730 temporis
1773 1640 1994 1730 spatio
2021 1639 2515 1730 praeterlapso,
2540 1648 2681 1709 tam
2707 1639 2939 1731 magni
2971 1638 3278 1725 evadant,
3318 1645 3395 1705 ut
3424 1638 3613 1706 nullo
3642 1638 3850 1706 modo
3877 1642 4135 1732 negligi

1096 1794 1377 1886 possint.
1476 1792 1660 1877 Quin
1705 1793 1903 1860 etiam
1946 1791 2103 1859 inde
2147 1816 2187 1858 a
2230 1801 2416 1859 certo
2457 1792 2755 1882 quodam
2798 1792 3125 1882 temporis
3169 1799 3514 1860 momento
3559 1790 3644 1858 ab
3688 1790 3956 1882 epocha
4001 1814 4137 1860 non

1097 1949 1305 2039 longe
1346 1953 1604 2013 remoto
1638 1945 1904 2011 termini
1946 1968 2075 2036 per
2117 1945 2390 2012 altiores
2422 1946 2745 2035 temporis
2791 1951 3165 2034 potestates
3208 1943 3637 2032 multiplicati
3676 1945 3951 2033 reliquis
3996 1955 4133 2013 ter-

954 2173 965 2188 „
1097 2100 1290 2168 minis
1315 2099 1596 2166 maiores
1630 2097 2012 2181 evaderent,
2064 2119 2200 2187 quo
2234 2097 2334 2181 fit,
2382 2107 2460 2165 ut
2503 2098 2654 2165 loca
2683 2099 2918 2166 Lunae
2949 2096 3086 2164 hoc
3115 2096 3322 2164 modo
3353 2104 3744 2185 computata
3781 2121 3932 2165 cum
3959 2099 4135 2166 veris

1096 2255 1235 2322 eius
1292 2251 1455 2318 locis
1516 2273 1939 2340 nequaquam
1999 2272 2373 2341 congruere
2438 2251 2724 2342 possint.
2859 2249 3315 2335 Quamobrem
3357 2248 3429 2314 in
3468 2246 3733 2317 theoria
3774 2251 4007 2319 Lunae
4049 2252 4137 2318 ad

1097 2404 1293 2472 huius
1318 2403 1512 2470 seriei
1539 2402 1914 2470 functiones
1945 2403 2344 2494 originaleS,
2398 2402 2534 2471 hoe
2568 2415 2672 2473 est
2706 2404 2793 2471 ad
2823 2403 3141 2471 terminos
3168 2401 3367 2469 huius
3399 2400 3659 2469 formae

1397 2614 3827 2749 asin(;g†2⁴g'÷ant÷A)÷bs1nsig÷fg4ssnt÷ffl÷eta

1099 2842 1291 2910 nobis
1334 2839 1807 2932 refugiendum
1836 2850 1972 2927 est,
2021 2849 2090 2909 et
2123 2842 2601 2931 aequationum
2634 2804 3182 2910 differentialium
3216 2838 3755 2937 perturbationes
3802 2839 4126 2933 suppedi-

1092 2996 1377 3063 tantium
1424 2995 1904 3085 integrationes
1944 2995 2040 3062 ita
2070 2995 2524 3064 instituendae
2555 3003 2709 3062 sunt
2724 3045 2742 3082 ,
2794 3004 2870 3064 ut
2900 2995 3439 3088 perturbationes
3485 2997 3711 3064 statim
3740 2994 3870 3062 hac
3913 2995 4129 3061 forma

1096 3170 1453 3238 expressae
1491 3147 1936 3215 obtineantur.

1288 3298 1696 3372 Geometrae
1721 3300 1973 3368 saeculi
2000 3300 2368 3390 praeteriti,
2424 3299 2538 3387 qui
2566 3301 2923 3391 problema
2950 3303 3086 3371 hoc
3114 3304 3514 3390 tractabant,
3543 3301 3872 3369 theoriam
3889 3298 4126 3365 Lunae

1093 3449 1180 3516 ad
1223 3448 1405 3517 hunc
1447 3473 1660 3540 usque
1699 3451 2135 3541 praecisionis
2169 3451 2459 3543 gradum
2499 3474 2636 3519 non
2684 3457 3144 3546 expolietunt‚
3211 3467 3284 3526 ut
3324 3482 3477 3526 cum
3507 3455 3859 3524 observato
3891 3452 4128 3520 Lunae

1092 3611 1278 3672 motu
1326 3610 1743 3695 congrueret.
1858 3602 2173 3670 Summus
2223 3604 2612 3694 Laplace
2662 3628 2967 3698 quoque,
3035 3609 3151 3698 qui
3197 3617 3265 3676 et
3308 3609 3546 3678 Lunae
3588 3607 3923 3677 theoriam
3963 3628 4128 3697 per-

1090 3762 1388 3824 scrutans
1429 3757 1644 3823 multa
1685 3766 1753 3824 et
1786 3757 2181 3848 gravissima
2208 3756 2410 3826 huius
2438 3756 2742 3827 theoriae
2770 3768 3113 3830 momenta
3139 3760 3538 3850 detegebat,
3590 3757 4127 3849 computationes

1087 3929 1227 3975 non
1261 3930 1344 3975 eo
1370 3931 1583 3998 usque
1617 3910 1955 3996 extendit,
2006 3919 2082 3977 ut
2112 3911 2358 3980 tabulis
2402 3920 2662 3980 motum
2703 3913 2940 3982 Lunae
2983 3911 3450 3980 exhibentibus
3491 3932 3721 3979 omnes
3760 3906 4127 3998 superstrui

1060 4044 1065 4052 ’
1094 4069 1393 4149 possent.
1496 4059 2093 4132 observationibus
2136 4065 2303 4156 ipsis
2355 4066 2810 4133 coefficientes
2856 4063 3439 4157 perturbationum
3480 4064 3717 4131 Lunae
3744 4058 4127 4129 inveniendi

1089 4203 1279 4277 fuere
1294 4258 1314 4294 ‚
1366 4216 1436 4276 et
1480 4231 1690 4299 usque
1735 4216 1823 4284 ad
1850 4226 2116 4308 tempus
2145 4218 2672 4288 recentissimum
2704 4215 2948 4285 tabulis
2984 4218 3129 4285 sola
3158 4214 3426 4284 theoria
3465 4215 3812 4309 gravitatis
3845 4212 4125 4280 nitenti-

1089 4362 1214 4429 bus
1266 4363 1614 4461 caruimuS.
1718 4362 1824 4429 ΠΙ.
1882 4363 2285 4432 Damoiseau
2341 4369 2740 4436 methodum
2768 4368 3348 4458 perturbationum
3380 4366 3985 4459 computandarum
4015 4387 4126 4433 se-

1089 4521 1335 4602 quutus
1351 4563 1381 4600 ‚,
1424 4516 1608 4584 cuius
1650 4515 2088 4584 fundamenta
2131 4516 2228 4584 in.
2278 4514 2586 4605 Laplace
2613 4536 2884 4603 quoque
2914 4515 3315 4584 adhibuerat
3333 4564 3353 4600 ‚
3404 4522 3657 4607 primus
3684 4515 3948 4583 tabulas
3975 4516 4121 4585 Lu-

1088 4688 1214 4736 nae
1259 4669 1405 4737 sola
1457 4667 1723 4737 theoria
1763 4667 2107 4758 gravitatis
2146 4664 2459 4735 fundatas
2491 4665 2698 4734 dedit.
2799 4666 2994 4750 Quae
3035 4669 3636 4758 computandarum
3665 4668 4121 4762 perturbatio·-
