4773 5892
1872 408 2054 499 ala
2089 332 2096 339 .

1911 631 1984 702 8.
2043 652 2052 659 ’

627 792 820 861 Sicut
885 791 958 859 in
1025 784 1620 881 approximatione
1688 783 1911 915 prima
1981 782 2549 877 perturbationes
2578 768 2819 854 Lunae
2870 787 3255 878 aggregato
3308 778 3481 883 duoss

401 938 576 991 rum
627 916 1124 1013 productorum
1177 923 1523 1000 constant,
1579 932 1866 1000 quorum
1877 908 2209 980 factores
2262 906 2565 979 habent
2574 914 2895 981 terminos
2948 906 3302 1005 generales
3352 907 3483 978 hos'

1081 1057 1225 1153 A·¹¹¹
1212 1058 1613 1159 ,sny†kg)
1667 1072 1872 1153 atque
1923 1060 2071 1150 Βξῗζ
2073 1057 2347 1157 (ag-{-
2305 1086 2410 1157 vg
2408 1052 2663 1152 4413)

397 1222 908 1291 denotantibus
958 1218 1034 1288 A
1083 1228 1153 1289 et
1201 1218 1271 1287 B
1321 1168 1817 1300 coefficientes,
1867 1217 1982 1304 qui
2031 1217 2104 1284 in
2151 1215 2719 1311 praecedentibus
2774 1214 3101 1311 explicati
3144 1184 3363 1309 sunt„
3389 1212 3486 1309 ita

397 1348 494 1416 in
545 1346 1137 1439 approximatione
1189 1343 1486 1411 secunda
1536 1343 2080 1449 perturbationes
2133 1351 2516 1437 aggregato
2566 1342 3065 1434 productorum
3115 1339 3485 1413 nonnullo·

403 1496 578 1545 rum
629 1479 976 1558 constant,
1027 1491 1314 1559 quorum
1365 1470 1658 1536 factores
1707 1468 1969 1547 habent
2019 1469 2343 1536 terminos
2395 1470 2752 1561 generales
2802 1469 2935 1541 hos

884 1614 1030 1709 0:¹3¹.
1051 1619 1166 1712 (κγ
1183 1627 1248 1702 ÷
1267 1620 1351 1713 ig
1368 1628 1432 1698 4-
1452 1613 1571 1713 ἴε’
1589 1630 1653 1702 ÷
1671 1619 1807 1709 m.)
1844 1629 2048 1709 atque
2063 1619 2232 1707 Βῖὲἰί
2250 1620 2385 1719 (ἐς
2402 1630 2466 1700 ÷
2486 1615 2623 1721 2','g'
2640 1630 2705 1702 ÷
2725 1619 2884 1718 Η,,)

419 1780 611 1865 quos
673 1775 746 1841 in
817 1778 942 1841 ar't.
996 1796 1225 1866 praec.
1279 1772 1638 1863 explicavi.
1763 1772 1847 1839 In
1897 1774 2511 1864 approximatione·
2535 1773 2756 1869 prima
2806 1770 2981 1838 haec
3028 1767 3369 1860 producta
3414 1767 3487 1833 in

416 1902 675 1985 aerieS,
746 1923 1027 1989 quarum
1082 1898 1542 1967 coefflcientes
1607 1897 1982 1965 secundum
2031 1908 2407 1990 potestates
2460 1898 3043 1968 excentricitatum
3091 1894 3484 1962 inclinatio-

413 2026 663 2115 nisque
742 2030 1044 2094 mutuae·
1091 2024 1654 2117 progrediuntur,
1734 2024 1875 2091 non
1959 2027 2215 2111 evolvi,
2311 2025 2441 2097 sed
2513 2027 2745 2117 potius
2820 2025 3160 2091 factorum
3241 2016 3487 2087 coeffiss

412 2150 748 2220 cientium
810 2150 1080 2218 valores
1144 2152 1560 2237 numericos,
1645 2150 1896 2219 deinde
1963 2151 2208 2221 horum
2275 2155 2585 2221 valorum
2655 2151 3046 2217 adiumento
3125 2136 3488 2239 producta,

419 2276 727 2365 denique
800 2277 1345 2369 perturbationes
1412 2280 1600 2369 ipsas
1669 2283 2081 2368 computavi.
2215 2280 2400 2346 Hinc
2468 2276 2704 2361 effeci,
2785 2283 2863 2343 ut
2948 2275 3092 2342 sine
3172 2258 3491 2364 respectu

411 2418 692 2491 semper
778 2401 989 2470 dubio
1067 2404 1324 2471 ordinis
1405 2403 1729 2493 analytici
1820 2405 2303 2490 terminorum,
2415 2403 2962 2499 perturbationes
3045 2401 3491 2492 approxima-

425 2528 634 2595 tionis
709 2529 978 2621 primae
1050 2531 1268 2618 usqne
1344 2530 1442 2597 ad¹
1502 2532 1712 2598 fixum
1776 2525 1850 2598 in
1908 2532 2103 2598 initio
2168 2530 2417 2598 calculi
2454 2525 2801 2599 =mihimet
2862 2528 2999 2622 ipsi
3056 2512 3493 2620 propositum

417 2653 711 2723 limitem
758 2657 1179 2724 numericam
1230 2666 1466 2724 nactus
1520 2656 1665 2725 sim'.
1792 2657 2060 2726 Eadem
2111 2658 2375 2725 ratione
2426 2665 2731 2749 praestat
2780 2658 2854 2724 in
2903 2653 3494 2748 approximatione

424 2782 726 2850 secunda
774 2791 845 2849 et
894 2783 1457 2872 subsequentibus
1508 2785 1868 2876 producta,
1919 2805 2207 2874 quorum
2256 2785 2561 2853 indolem
2610 2784 2683 2851 in
2732 2792 2854 2849 art.
2906 2803 3134 2873 praec.
3187 2778 3495 2870 exposui,

423 2928 552 2975 nec
616 2928 757 2976 non
823 2909 1163 3000 producta
1211 2910 1477 3000 reliqua
1502 2960 1520 2996 ,
1587 2906 1830 3001 quibus
1883 2933 2057 3004 opus
2109 2899 2244 2996 est,
2309 2912 2701 2981 adiumento
2752 2909 3061 2978 valorum
3110 2907 3495 2976 numerico-

427 3055 574 3102 rum
655 3035 1186 3105 coefficientium
1245 3038 1584 3106 factorum
1651 3059 1886 3106 eorum
1953 3031 2389 3129 computare,
2477 3060 2613 3126 quo
2665 3038 2854 3106 facto
2920 3034 3262 3105 secundae
3313 3055 3492 3125 quo-

433 3182 564 3248 que
615 3150 1226 3252 approximationis
1282 3172 1351 3230 et
1400 3165 1953 3252 subsequentium
2003 3165 2549 3255 perturbationes
2598 3186 2815 3252 usque
2865 3162 2956 3229 ad
3005 3162 3217 3230 fixum
3262 3157 3491 3228 deter-
3578 3197 3579 3206 κ

431 3285 894 3374 minatumque
944 3288 1234 3355 limitem
1284 3290 1700 3354 numericum
1753 3298 2107 3357 accuratae
2157 3288 2567 3355 obtinentur.
2671 3287 2868 3354 Haec
2918 3286 3287 3355 methodus
3327 3307 3494 3378 per-

435 3407 894 3497 turbationum
946 3411 1560 3501 computandarum
1619 3413 1953 3480 tutissime
2004 3413 2092 3479 ad
2142 3414 2352 3481 finem
2401 3413 2836 3505 propositum
2885 3409 3251 3504 perducit,
3306 3419 3377 3479 et
3423 3411 3496 3477 in

444 3535 800 3623 analyseos
855 3543 1036 3601 statu
1084 3535 1422 3604 hodierno
1474 3538 1622 3604 sola
1676 3545 1819 3624 est,
1884 3561 2017 3628 qua
2067 3538 2405 3630 praecisio
2459 3539 2547 3606 ad
2599 3540 2903 3629 quemvis
2951 3537 3242 3633 gradum
3295 3533 3494 3605 evehi

435 3669 696 3753 potest3
781 3655 1080 3730 evolutio
1163 3664 1342 3730 enim
1428 3645 1503 3731 u't
1585 3664 1831 3732 dicitur
1913 3665 2257 3756 analytica
2335 3688 2608 3758 semp-er
2684 3666 2890 3736 dubia
2956 3675 3025 3734 et
3087 3664 3302 3734 fallax
3369 3670 3493 3748 est,

438 3787 593 3877 quia
664 3787 1130 3857 coefficientes
1195 3790 1520 3855 numerici
1583 3793 2036 3879 quantitatum
2056 3841 2075 3874 ,
2170 3814 2348 3880 quae
2418 3794 2495 3860 in
2558 3793 2697 3861 hoe
2764 3793 3171 3861 evolationis
3239 3812 3494 3884 genere

397 3913 757 4003 ¹parvulae
821 3913 1231 4002 quantitates
1299 3914 1506 4003 primi
1558 3917 1813 3984 ordinis
1885 3916 2260 4002 habentur,
2319 3937 2538 4012 'saepe
2602 3921 2966 4012 permagni
3041 3927 3233 4004 sunt,
3312 3915 3495 3984 unde

438 4036 724 4104 efficitur
775 4049 850 4104 ut
902 4040 1171 4106 termini
1221 4041 1609 4131 complures
1662 4027 1896 4111 revera
1948 4043 2038 4111 ad
2090 4044 2399 4112 ordinem
2450 4048 2839 4137 pertineant
2891 4067 2974 4118 eo
3029 4045 3266 4112 ordine
3314 4041 3496 4110 infe-

408 4162 699 4268 xriorem,
749 4164 878 4230 ¹eni
945 4187 1075 4255 pro
1145 4167 1665 4255 compositione·
1710 4192 1831 4236 sua
1898 4169 2239 4259 analytica
2306 4165 2797 4242 adnumerandi
2867 4173 3020 4240 sint.
3123 4170 3311 4237 Fieri
3362 4168 3495 4261 igi-

444 4291 545 4366 tur
594 4295 827 4398 potest
877 4297 953 4354 ut
1000 4292 1309 4375 termini,
1376 4293 1494 4381 qui
1544 4303 1835 4384 propter
1886 4291 2455 4387 compositionem
2506 4321 2698 4370 suam
2750 4298 3162 4388 analyticam
3225 4294 3317 4364 ad
3382 4316 3496 4364 or·

446 4408 663 4479 dinem
711 4413 1207 4505 negligendum
1260 4419 1638 4507 pertinent,
1706 4419 2001 4508 ideoque
2053 4423 2122 4488 in
2170 4421 2312 4490 hoo
2361 4426 2768 4494 evolutionis
2812 4446 3073 4517 genere
3124 4421 3496 4515 negligun-

447 4541 580 4620 tur,
628 4555 863 4604 revera
909 4542 1203 4608 maiores
1258 4544 1390 4609 sint
1442 4564 1646 4633 quam
1697 4554 1772 4611 ut
1822 4546 1966 4614 iure
2018 4547 2282 4639 negligi
2332 4551 2621 4672 possint,

638 4660 923 4744 Quoties
976 4689 1138 4734 vero
1192 4667 1585 4738 adiumento
1636 4672 1945 4739 valorum
1997 4674 2494 4744 numericorum
2546 4675 3074 4746 coefficientium
3137 4619 3498 4752 fastorum,
3586 4743 3593 4746 ,

451 4787 552 4875 qui
608 4809 692 4856 ex
744 4794 1364 4882 computationibus
1417 4799 2025 4889 approximationis
2074 4801 2340 4892 primae
2388 4823 2605 4888 usque
2658 4799 2746 4866 ad
2797 4800 3006 4868 fixum
3056 4799 3342 4866 limitem
3370 4816 3535 4868 nu-.

2512 4923 2691 4999 28*
