4773 5892
2042 409 2203 497 331

598 646 875 708 stratum
939 646 1075 721 est,
1141 610 1621 723 aequationum‘
1674 652 1935 715 earum,
1998 652 2174 720 quae
2222 630 2556 723 neglectis
2606 628 3087 719 quantitatibus
3139 649 3199 726 η,
3217 676 3238 713 ,
3289 622 3356 723 qs,
3371 679 3391 714 ,
3444 618 3512 720 η’
3556 650 3635 695 ex

597 763 763 852 (37)
812 771 881 830 et
929 757 1097 849 (44)
1146 760 1508 851 prodeunt,
1558 757 1820 826 radices
1850 779 2083 825 omnes
2114 757 2328 825 reales
2363 765 2431 824 et
2455 755 2843 845 inaequales
2873 776 3042 839 esse,
3093 753 3152 821 si
3179 753 3459 824 directio
3484 776 3636 822 mo-

598 899 787 957 tuum
834 908 1195 977 corporum
1244 886 1545 954 omnium
1594 884 1832 953 eadem
1884 891 2017 968 est,
2070 904 2205 972 qua
2253 904 2331 950 re
2380 890 2451 949 et
2500 903 2708 971 quum
2755 880 3047 966 termini,
3101 880 3339 970 quibus
3389 904 3638 970 aequa-

596 1014 814 1081 tiones
865 1007 1031 1099 (54)
1098 1021 1167 1079 et
1218 1008 1386 1101 (57)
1455 1011 1542 1079 ab
1610 1008 2115 1100 aequationibus
2168 1006 2334 1097 (37)
2404 1014 2473 1076 et
2521 1003 2688 1094 (44)
2742 1006 3103 1092 differunt,
3167 1007 3439 1097 parvuli
3489 1008 3644 1092 sint,

596 1138 862 1228 quoties
911 1159 1171 1206 massae
1218 1137 1712 1229 perturbantes,
1769 1134 2300 1203 excentricitates
2352 1142 2421 1202 et
2468 1132 2939 1201 inclinationes
2990 1139 3265 1200 mutuae
3314 1133 3644 1223 parvulae

596 1271 785 1348 sunt,
871 1262 1276 1331 concludere
1337 1264 1537 1349 licet,
1616 1261 1877 1329 radices
1953 1282 2225 1351 quoque
2293 1258 2772 1349 aequationnm
2835 1256 3001 1347 (54)
3070 1269 3138 1327 et
3188 1256 3355 1348 (57)
3410 1228 3702 1326 οωιιθέ-

596 1389 809 1457 reales
862 1398 933 1457 et
982 1389 1368 1479 inaequales
1422 1357 1605 1475 esse,
1658 1388 1919 1477 quoties
1973 1408 2336 1478 corporum
2386 1392 2693 1453 motuum
2744 1384 2982 1452 eadem
3033 1384 3317 1459 directio
3372 1393 3475 1454 est
3501 1432 3521 1469 ,
3576 1393 3645 1452 et

594 1537 857 1583 massae
922 1514 1395 1607 perturbantes
1417 1561 1437 1598 ,
1522 1513 2054 1580 excentricitates
2120 1520 2189 1580 et
2253 1510 2724 1580 inclinationes
2766 1523 3040 1580 mutuae
3091 1512 3265 1579 adeo
3316 1510 3644 1603 parvulae

594 1649 783 1727 sunt,
833 1650 909 1710 ut
958 1642 1158 1710 series
1210 1641 1546 1725 infinitae,
1595 1640 1669 1705 in
1716 1661 1883 1729 quas
1935 1638 2268 1706 formulae
2317 1646 2588 1706 nostrae
2639 1637 3057 1706 evolvendae
3108 1647 3300 1724 sunt,
3354 1660 3639 1705 conver-

591 1776 779 1858 gant.
880 1766 1080 1852 Quae
1145 1788 1350 1856 quum
1400 1765 1497 1832 ita
1547 1765 1715 1848 sint,
1791 1771 2084 1854 systema
2134 1773 2422 1854 quatuor
2471 1783 2869 1854 corporum,
2948 1763 3136 1853 quod
3186 1763 3641 1832 consideravi-

596 1915 767 1979 mus,
817 1916 944 1962 nec
995 1916 1132 1962 non
1181 1891 1366 1960 idem
1413 1891 1713 1983 plurium
1764 1911 2128 1981 corporum
2177 1899 2471 1982 systema
2523 1889 2767 1958 stabile
2817 1912 2983 1977 esse,
3037 1891 3356 1980 sequitur.
3427 1887 3640 1957 Casus

594 2017 877 2086 duarum
943 2027 1059 2085 aut
1124 2017 1422 2108 plurium
1489 2015 1788 2084 radicum
1853 2016 2232 2105 aequalium
2300 2040 2427 2109 per
2494 2040 2565 2085 se
2615 2013 2891 2105 quidem
2941 2017 3216 2085 minime
3261 2015 3652 2110 probabilis

592 2151 734 2227 est,
788 2141 907 2209 sed
960 2141 1018 2209 si
1066 2143 1245 2211 forte
1294 2142 1645 2229 acciderit,
1697 2152 1775 2211 ut
1824 2144 2162 2234 quantitas

934 2291 1010 2359 in
1022 2285 1114 2387 4-
1130 2286 1330 2386 ἔπ’-Ι-
1346 2288 1573 2387 ἱήΉ-
1586 2293 1698 2361 ἰ”ἀ
1712 2286 1804 2388 -1-
1819 2282 2047 2394 2⁴72st-
2059 2282 2187 2389 τ’Ἵιζ,
2202 2289 2291 2388 -Ι-
2303 2285 2355 2360 ι’ρ
2355 2287 2543 2388 ’1ι”-Ι-
2559 2282 2612 2360 1⁴’
2611 2288 2782 2394 ''lsi-
2805 2280 2961 2389 ἰοωζζ
2984 2288 3074 2386 -Ι-
3089 2286 3132 2360 i'
3137 2288 3218 2361 ¹1¹
3219 2289 3236 2317 '

590 2464 723 2534 pro
792 2442 1197 2534 quibusdam
1260 2446 1558 2516 indicum
1608 2445 1667 2531 ἱ,
1716 2438 1781 2535 i',
1832 2447 1923 2533 1⁸⁰,
1972 2454 2099 2516 etc.
2162 2449 2503 2516 valoribus
2566 2446 2770 2515 valde
2833 2446 3122 2536 parvula
3183 2447 3402 2532 foret,
3468 2469 3629 2537 per-

588 2589 876 2661 magnae
941 2577 1010 2637 et
1072 2591 1337 2640 omnem
1404 2572 1693 2640 limitem
1767 2582 2162 2665 superantes
2225 2574 2770 2666 perturbationes
2835 2573 2994 2640 oriri
3042 2595 3253 2665 posse
3296 2574 3629 2658 videntur,

588 2691 747 2781 quia
794 2691 969 2760 haec
1018 2697 1353 2785 quantitas
1403 2699 1476 2766 in
1523 2699 2107 2789 perturbationum
2156 2702 2682 2768 coefficientium
2735 2699 3354 2768 denominatoribus
3393 2699 3629 2765 aderit.

585 2814 980 2886 Theorema
1040 2842 1203 2889 vero
1274 2823 1713 2892 demonstrari
1779 2832 2045 2918 potest,
2128 2825 2390 2918 inclyto
2457 2827 2544 2893 ab
2604 2826 2701 2894 ill.
2753 2826 2871 2895 La
2883 2828 3138 2919 place
3188 2826 3276 2893 de
3324 2833 3630 2895 motuum

566 2933 1314 3017 'commensurabilitate
1394 2950 1666 3018 detecto
1744 2951 2152 3019 theoremati
2214 2954 2464 3040 simile,
2543 2976 2680 3043 quo
2741 2955 3115 3025 terminum
3178 2973 3630 3047 permagnum

583 3067 668 3132 ab
732 3069 856 3134 illo
917 3074 1206 3161 parvulo
1272 3076 1561 3144 divisore
1625 3083 1849 3142 ortum
1923 3078 2210 3146 limitem
2260 3080 2600 3168 quendam
2651 3103 2974 3168 superare
3022 3103 3161 3146 non
3208 3101 3413 3170 posse
3462 3097 3631 3178 pro7

581 3190 814 3278 batur,
888 3202 956 3260 et
1020 3198 1284 3284 quoties
1349 3199 1469 3266 ille
1543 3200 2014 3268 denominatur
2063 3203 2132 3267 in
2184 3224 2549 3294 corporum
2599 3212 2823 3270 motus
2875 3203 3068 3271 initio
3116 3212 3261 3271 tam
3307 3200 3629 3294 parvulus

581 3314 818 3402 fuerit,
889 3327 964 3385 ut
1028 3320 1350 3387 maiorem
1418 3322 1912 3392 coesficientem
1977 3326 2267 3410 efficiat,
2350 3336 2655 3395 mutuam
2720 3348 3083 3420 corporum
3159 3330 3629 3397 attractionem

580 3439 893 3508 sufficere
958 3443 1048 3511 ad
1115 3467 1268 3531 eum
1332 3446 1640 3538 rigorose
1712 3449 1921 3517 cifrae
1970 3454 2323 3542 aequalem
2367 3452 2827 3538 reddendum,
2911 3477 3048 3544 quo
3097 3456 3353 3524 factum
3403 3453 3628 3529 fuerit,

579 3571 654 3629 ut
705 3573 927 3633 motus
975 3571 1612 3639 commensurabiles
1665 3575 1976 3662 evadant,
2032 3585 2101 3645 et
2149 3579 2319 3646 tales
2371 3547 2782 3647 remaneant.
2881 3579 3078 3665 Quae
3127 3603 3288 3650 vero
3340 3581 3428 3649 ad
3471 3596 3623 3642 ⁶01·-

579 3708 861 3777 porum,
913 3713 1201 3782 quorum
1250 3705 1472 3764 motus
1525 3703 2158 3770 commensurabiles
2210 3714 2402 3792 sunt,
2478 3706 3020 3799 perturbationes
3083 3708 3427 3800 spectant,
3495 3724 3620 3772 nec

577 3834 716 3880 non
775 3815 979 3906 plura
1041 3817 1209 3905 alia,
1287 3821 1357 3890 in
1420 3821 1606 3892 aliud
1654 3834 1925 3916 tempus
1978 3828 2253 3896 differre
2304 3829 2667 3919 debemus,
2737 3856 2824 3902 ne
2873 3833 3010 3901 hoo
3061 3828 3375 3899 volumen
3424 3827 3620 3898 nimis

576 3949 849 4008 crescat.

2514 4894 2706 4970 42*
