4773 5892
1184 604 1563 691 dationem,
1644 626 1777 693 qua
1830 598 2157 688 efficitur,
2226 610 2303 669 ut
2366 601 2801 669 coordinatae
2850 599 3080 667 statim
3128 599 3202 667 in
3247 599 3595 668 functione
3659 599 3983 692 explicita
4029 609 4210 668 tem-

1184 731 1371 822 poris
1428 731 1987 813 determinentur,
2043 736 2110 795 et
2161 750 2296 816 qua
2345 727 2545 794 simul
2593 726 3024 794 incommoda
3072 726 3194 792 illa
3243 736 3652 794 amoventur.

1390 857 1472 924 ln
1520 854 2078 947 praecedentibus
2133 853 2611 946 supposuimus
2665 874 2748 939 a,
2802 850 2880 940 b,
2934 874 3006 937 c,
3059 874 3121 939 e,
3152 848 3235 943 j,
3286 873 3348 945 g
3396 875 3542 920 esse
3594 861 3977 922 constantes
4029 852 4210 921 arbi-

1185 982 1423 1049 trarias
1473 982 1924 1073 integratione
1976 979 2449 1069 aequationum
2502 977 2665 1068 (18)
2717 980 2786 1046 in
2838 977 3377 1071 expressionibus
3409 979 3711 1071 ipsarum
3759 1000 3832 1067 x,
3879 1002 3954 1070 y,
4008 1001 4052 1047 z
4100 979 4210 1046 in-

1186 1108 1553 1175 troductas.
1677 1106 1819 1174 Sed
1884 1106 2211 1198 perfacile
2271 1104 2679 1198 intelligitur
2744 1105 3210 1174 conclusiones
3274 1105 3764 1198 praecedentes
3816 1128 4049 1174 omnes
4069 1155 4088 1192 ,
4144 1113 4215 1173 et

1186 1233 1363 1301 inter
1425 1233 1550 1301 has
1618 1233 2021 1300 nominatim
2085 1232 2515 1319 aequationes
2570 1228 2733 1319 (24)
2754 1282 2772 1317 ‚
2843 1231 3070 1298 locum
3120 1253 3390 1321 quoqne
3438 1230 3728 1318 habere,
3802 1232 3857 1300 si
3908 1253 3977 1318 a,
4030 1228 4094 1318 b,
4149 1250 4210 1317 c,

1186 1379 1259 1442 e,
1291 1356 1387 1450 f,
1438 1382 1498 1452 g
1548 1360 1927 1427 functiones
1980 1380 2420 1447 quaecuuque
2471 1365 2694 1425 essent
2745 1358 3195 1425 constantium
3239 1357 3791 1444 'arbitrariarum,
3863 1380 4028 1447 quas
4094 1357 4204 1424 iu·-

1184 1484 1483 1575 tegratio
1533 1484 1655 1550 illa
1703 1507 1937 1552 revera
1987 1484 2471 1551 introduxerat.
2588 1481 2695 1552 Sit
2744 1485 2810 1551 Λ
2858 1484 3118 1551 functio
3170 1484 3504 1573 quaedam
3537 1483 3987 1551 constantium
4023 1504 4094 1568 a,
4145 1477 4210 1569 b,

1189 1618 1351 1695 etc.,
1404 1618 1547 1675 tum
1600 1611 1998 1699 aequatione
2047 1610 2223 1676 inter
2272 1612 2338 1677 A
2388 1619 2591 1700 atque
2643 1632 2728 1696 a,
2781 1607 2857 1696 b,
2911 1630 2987 1697 c,
3053 1618 3180 1678 etc.
3228 1618 3546 1702 respectu
3597 1610 3964 1678 constantis
4015 1607 4211 1676 unius

1193 1758 1255 1803 e.
1306 1758 1374 1827 g.
1427 1745 1742 1827 respectu
1794 1759 1843 1803 a
1892 1737 2225 1822 resoluta,
2277 1734 2568 1802 habetur

1987 1907 2037 1953 a
2085 1912 2179 1948 =
2229 1886 2440 1953 funct.
2490 1883 2621 1974 (A,
2673 1882 2751 1972 b,
2803 1905 2877 1972 c,
2928 1905 3003 1971 e,
3039 1881 3137 1978 f,
3187 1883 3279 1977 g)

1186 2057 1320 2123 qua
1401 2034 1805 2123 aequatione
1870 2045 2181 2103 constans
2260 2056 2310 2102 a
2377 2058 2417 2102 e
2481 2035 2938 2102 functionibus
3009 2033 3115 2122 X,
3191 2031 3290 2122 Y,
3360 2033 3425 2102 Z
3500 2033 3974 2123 aequationum
4041 2031 4210 2124 (19)

1186 2160 1532 2229 eliminare
1598 2161 1794 2246 licet,
1863 2161 1961 2228 ita
2022 2172 2099 2229 ut
2157 2182 2245 2247 x,
2312 2183 2404 2251 y,
2468 2182 2513 2228 z
2575 2161 2954 2229 functiones
3019 2161 3307 2227 evadant
3357 2162 3807 2228 constantium
3858 2162 3959 2246 A,
4015 2157 4090 2248 b,
4149 2180 4211 2248 ο,

1186 2309 1260 2375 e,
1293 2284 1389 2379 f,
1443 2308 1521 2378 g.
1625 2286 1887 2370 Quibus
1939 2287 2172 2373 factiS,
2239 2286 2604 2377 methodus
2668 2288 2876 2354 modo
2946 2288 3282 2378 explicata
3333 2286 3763 2375 aequationes
3816 2286 4215 2378 suppeditat

1183 2413 1351 2506 ipsis
1407 2410 1570 2499 (23)
1624 2423 1699 2479 et
1752 2409 1915 2497 (24)
1968 2411 2176 2501 plane
2228 2412 2501 2499 similes,
2554 2413 2794 2501 quibus
2845 2434 3007 2479 vero
3057 2413 3308 2502 ubique
3354 2413 3420 2479 A
3463 2412 3621 2478 loco
3652 2434 3701 2478 a
3736 2412 3932 2482 inest.
4013 2413 4210 2497 Quae

1185 2538 1648 2606 conclusiones
1700 2559 1908 2623 quum
1958 2536 2187 2603 locum
2236 2537 2555 2623 habeant,
2609 2537 3221 2627 quomodocunque
3273 2548 3427 2606 sunt
3469 2546 3853 2607 constantes
3886 2538 4210 2629 reliquae,

1184 2664 1429 2754 quibus
1480 2664 1553 2730 in
1599 2661 1946 2729 functione

2100 2835 2195 2873 =
2245 2810 2457 2878 funct.
2515 2807 2634 2898 (a,
2689 2808 2769 2895 b,
2818 2832 2892 2896 c,
2945 2808 3146 2900 mss
3199 2810 3293 2903 g)

1184 2965 1592 3054 quantitates
1645 2985 1714 3047 a,
1766 2957 1830 3047 b,
1884 2982 1942 3047 e,
1997 2971 2121 3029 etc.
2176 2961 2350 3029 inter
2403 2986 2476 3030 se
2527 2962 3060 3053 coniunguntur3
3124 2986 3513 3057 supponere
3564 2964 3756 3032 nobis
3811 2965 3992 3051 licet,
4046 2963 4211 3032 huic

1181 3089 1515 3159 functioni
1564 3089 2007 3179 quantitatem
2054 3088 2398 3177 quandam
2447 3088 2865 3156 arbitrariam
2914 3109 2951 3153 τ
2999 3087 3258 3176 inesse,
3337 3091 3708 3160 dummodo
3757 3091 3831 3158 in
3878 3091 4208 3178 formulis,

1180 3216 1256 3286 in
1304 3217 1546 3304 quibus
1600 3237 1678 3300 a,
1731 3212 1813 3300 b,
1864 3236 1937 3298 c,
1990 3223 2116 3283 etc.
2164 3214 2526 3282 variabiles
2577 3213 2969 3281 tractandae
3020 3225 3211 3303 sunt,
3277 3219 3429 3310 ipsa
3493 3240 3531 3284 τ
3601 3227 3917 3286 constans
3982 3239 4206 3309 pona·

1143 3352 1311 3410 ’tun
1414 3341 1771 3426 Quantitas
1823 3340 2339 3408 indeterminata
2386 3339 2561 3408 haec
2610 3362 2680 3426 τ,
2734 3341 2893 3429 quia
2933 3329 3457 3412 ¹indeterminata
3507 3353 3644 3431 est,
3694 3353 3858 3437 post
3904 3345 4207 3435 integra-

1178 3468 1397 3535 tiones
1449 3468 1929 3556 aequationum
1981 3462 2149 3553 (25)
2200 3474 2515 3557 peractas
2569 3466 2660 3533 ad
2708 3467 2996 3534 lubitum
3049 3468 3482 3539 determinari
3545 3481 3808 3564 potest3
3881 3469 4208 3564 ponendo

1178 3613 1341 3659 vero
1406 3602 1568 3683 post
1629 3593 2115 3683 integrationes
2180 3591 2308 3658 has
2377 3599 2689 3680 peractas
2753 3615 2791 3658 ι·
2840 3618 2933 3655 =
2986 3599 3052 3681 t,
3133 3619 3381 3665 novam
3458 3599 3769 3667 methodi
3819 3595 4206 3667 variationis

1178 3717 1633 3784 constantium
1685 3717 2180 3784 arbitrariarum
2230 3717 2765 3808 applicationem
2816 3741 3288 3809 assequemur,
3383 3725 3823 3814 latioremque
3892 3725 3955 3791 ei
4020 3744 4208 3790 cam-

1175 3865 1345 3932 pum
1397 3844 1797 3942 aperiemus.
1897 3842 2121 3927 Quem
2171 3843 2243 3910 in
2292 3843 2502 3911 finem
2553 3853 2710 3912 ante
2761 3848 2988 3913 omnia
3036 3846 3173 3913 hoc
3211 3857 3314 3916 est
3349 3851 3968 3936 demonstrandum,
4019 3847 4206 3938 quod

1176 3968 1250 4035 in
1299 3978 1531 4036 nostra
1578 3969 2164 4059 perturbationum
2212 3968 2486 4038 theoria
2533 3970 3048 4039 fundamentale
3099 3972 3235 4041 dici
3280 3985 3515 4067 potest

2302 4169 3069 4239 Theorema.

1376 4367 1670 4463 Quoties
1723 4368 1876 4437 loco
1925 4368 2202 4461 aliquot
2232 4368 2712 4437 constantium
2739 4368 3308 4439 arbitr-uriarum
3344 4394 3416 4458 a,
3444 4370 3510 4458 b,
3540 4394 3602 4457 c,
3652 4380 3786 4440 etc.
3838 4369 4207 4464 eliguntur

1176 4492 1470 4561 totidem
1518 4503 1931 4564 constantes
1982 4493 2431 4562 arbitrariae
2479 4497 2578 4577 Λ,
2635 4495 2730 4580 Γ,
2781 4503 2938 4584 etc.,
3009 4520 3195 4587 quae
3245 4520 3337 4565 ex
3391 4494 3887 4567 constantibus
3934 4494 4082 4565 illis
4128 4503 4206 4570 et

1174 4633 1267 4686 etr
1318 4621 1721 4710 quantitate
1770 4619 2422 4687 indeterminatam·
2472 4618 2608 4687 tali
2656 4621 2886 4689 modo·
2922 4622 3357 4712 compositae
3406 4631 3604 4709 sunt,
3658 4622 3857 4715 quali
3909 4622 4202 4716 quanti-

1172 4751 1361 4814 tates
1427 4743 1779 4838 quaelibet
1847 4744 1948 4827 L,
2001 4740 2112 4827 G,
2163 4749 2298 4811 etc.
2368 4763 2461 4810 ex
2525 4743 2788 4813 iisdem
2848 4742 3333 4816 constantibus
3404 4768 3491 4833 a,
3542 4746 3628 4835 b,
3671 4770 3751 4838 c,
3778 4756 3936 4820 etc.
3989 4757 4064 4820 et
4111 4768 4205 4818 ex

2427 5047 2467 5065 S
