4773 5892
2045 387 2160 479 ’Π

575 611 1136 709 computationes
1183 634 1349 684 vero
1399 633 1636 681 omnes
1686 611 2039 681 absolutae
2099 609 2395 714 fuerintz
2465 608 2749 699 quando
2805 607 2897 676 ad
2957 607 3653 702 approximationem'

570 744 1004 838 pervenietur
1021 790 1042 829 ‚
1106 763 1279 832 quae
1331 739 1422 809 ud
1468 739 1736 810 valeres
1785 739 2211 811 variabilium
2260 744 2639 806 nostrarum
2656 785 2677 822 ‚
2755 737 2990 827 quales
3045 760 3128 805 ex
3177 738 3619 830 approxima-

572 869 867 939 tionibus
918 868 1361 937 anterioribus
1404 866 1543 935 iam
1589 867 2053 952 innotescunt,
2102 865 2427 936 terminos
2475 865 2764 934 limitem
2809 862 3025 933 fixum
3064 864 3617 934 determinatum*

573 1018 706 1086 que
757 1003 1154 1090 superantes
1204 1015 1346 1062 non
1395 992 1608 1062 addit.

821 3955 2256 4047 ÷2B⁸inovr÷(²'-2t)g÷fg÷11}

563 4121 684 4191 ubi
701 4145 785 4216 p,
820 4144 889 4216 q,
925 4118 1013 4217 ς’,
1050 4133 1178 4195 etc.
1231 4144 1297 4209 r,
1342 4117 1426 4209 r',
1463 4132 1613 4210 etc„
1661 4122 1739 4192 A
1771 4132 1840 4193 et
1870 4121 1943 4192 Β
1989 4124 2450 4194 coefficientes
2504 4137 2898 4199 constantes
2930 4132 3044 4200 vel
3088 4132 3414 4201 numerici
3442 4140 3620 4219 sunt,

565 4257 636 4318 et
683 4246 763 4315 D
815 4273 1007 4318 arcus
1058 4250 1262 4319 huius
1316 4251 1577 4319 formae
1625 4243 1868 4343 gat-{w
1912 4259 2048 4335 est,
2109 4250 2230 4318 ubi
2275 4275 2324 4340 μ
2377 4260 2447 4320 et
2493 4275 2537 4322 v
2584 4277 2857 4346 quoque
2909 4267 3330 4345 constantes,
3384 4267 3453 4328 et
3500 4258 3619 4327 ubi

565 4373 740 4444 inter
788 4376 1113 4445 terminos
1163 4374 1290 4445 sub
1339 4375 1538 4467 signo
1589 4374 2050 4443 summationis
2102 4385 2459 4446 contentos
2509 4379 2558 4447 ii
2589 4382 2996 4452 excludendi
3038 4396 3214 4472 sunt,
3267 4387 3340 4455 in
3371 4385 3615 4475 quibus

567 4498 768 4568 simul
816 4494 858 4568 ἴ
891 4527 985 4567 .-·
1014 4521 1058 4569 o
1107 4508 1180 4569 et
1226 4495 1306 4564 D
1335 4525 1427 4563 =
1460 4520 1522 4585 o,
1573 4501 1733 4591 quia
1772 4501 2094 4568 terminos
2146 4501 2237 4569 ad
2286 4501 2419 4570 hos
2470 4503 2734 4576 valeres
2786 4512 3206 4602 pertinentes
3251 4511 3618 4604 separatim

567 4623 916 4718 adscripsi.
987 4626 1100 4696 Ex
1149 4624 1580 4717 expressione
1627 4648 1792 4695 vero
1845 4623 2036 4716 (26),
2090 4625 2267 4717 quae
2309 4630 2631 4701 terminos
2662 4636 3086 4727 suppeditat,
3138 4639 3255 4729 qui
3285 4636 3419 4727 ipsi
3448 4633 3561 4724 (n)
3579 4633 3622 4720 ζ

566 4757 896 4843 tanquam
942 4760 1255 4823 constans
1305 4751 1659 4821 arbitraria
1707 4752 2007 4823 addendi
2069 4762 2224 4824 sunt
2239 4802 2260 4840 ,
2337 4756 2545 4827 facile
2610 4762 3039 4833 concluditur
3054 4813 3073 4849 ‚
3154 4761 3612 4831 coefficientes
