4773 5892
2625 406 2722 469 X..

1131 601 1304 672 dinis
1349 602 1447 669 ita
1495 600 1910 694 computavi,
1954 608 2033 671 ut
2076 600 2167 670 ad
2208 600 2713 694 longitudinem
2750 624 2822 671 m
2838 624 2878 671 e
2893 601 2941 670 d
2954 602 2978 697 i
2992 624 3117 672 am
3167 603 3526 675 addendae
3559 606 3715 693 sint,
3765 629 3904 697 quo
3937 608 4197 681 factum

1133 717 1236 822 est
1250 800 1271 838 ‚
1321 758 1398 820 ut
1439 751 1776 822 formulae
1820 752 2269 845 simpliciores
2299 754 2664 823 evaderent
2682 801 2703 839 ‚
2754 762 2824 822 et
2852 760 2999 823 tum
3027 753 3230 823 series
3261 755 3848 846 perturbationum
3873 758 4197 850 ipsarum,

1132 911 1281 974 tum
1328 903 1532 974 series
1547 954 1567 992 ‚
1636 905 1876 996 quibus
1920 905 2207 997 quisque
2236 906 2644 975 ‘coefficiens
2689 906 3185 998 computandus
3228 915 3366 993 est,
3431 908 3649 1002 magis
3707 896 4195 1004 convergentes

1136 1056 1398 1148 fierent.
1502 1055 1861 1126 Formulas
1901 1059 1998 1126 ita
2039 1060 2428 1159 comparavi
2443 1109 2463 1146 ,
2514 1067 2593 1127 ut
2642 1058 2704 1139 is,
2741 1059 3260 1128 excentricitatis
3304 1060 3548 1128 Lunae
3571 1061 3766 1129 valor
3793 1064 4196 1153 numeneus,

1135 1207 1254 1298 qui
1299 1231 1382 1277 ex
1425 1209 1785 1278 observato
1825 1212 2120 1280 maximo
2151 1212 2570 1303 aequationis
2621 1212 2833 1279 centri
2864 1204 3155 1279 termino
3188 1222 3327 1303 op'e
3371 1212 3708 1282 formulae
3733 1237 3908 1306 pure
3934 1215 4196 1321 ellipti—

1134 1382 1256 1429 cae
1308 1360 1571 1430 elicitur
1584 1410 1605 1446 ‚
1665 1362 1749 1445 in
1784 1365 2369 1469 perturbationum
2429 1344 2939 1456 computatione
2991 1363 3421 1433 adhibendus
3484 1365 3603 1452 sit,
3672 1366 3940 1434 calculo
3986 1367 4197 1459 igitur

1133 1510 1463 1579 indirecto
1491 1511 1659 1581 olim
1684 1514 1962 1585 adeum
1993 1479 2510 1587 excentricitatis
2541 1517 2778 1585 Lunae
2808 1516 3133 1603 valorem,
3184 1516 3304 1606 qui
3326 1518 3805 1610 computandis
3834 1518 4194 1611 perturba-

1131 1662 1425 1731 tionibus
1459 1669 2022 1756 superstruendus
2053 1670 2291 1757 fuerit,
2341 1669 2806 1762 indagandum
2848 1666 3161 1737 adhibito
3194 1690 3369 1761 opus
3402 1691 3541 1737 non
3574 1669 3679 1739 sit.

1232 1915 1245 1920 ⁶
1331 1815 1694 1886 Praeterea
1738 1821 2100 1913 problema
2142 1823 2238 1890 ita
2286 1821 2494 1909 solvi,
2546 1829 2622 1889 ut
2669 1819 3033 1912 longitudo
3057 1792 3167 1888 adl
3189 1821 3473 1912 planum
3502 1829 3816 1913 respectu
3857 1819 4021 1888 situs
4051 1820 4194 1888 eius

1132 1963 1204 2031 iu
1250 1966 1475 2065 spatio
1517 1969 1789 2059 penitus
1835 1974 2258 2042 arbitrarium
2309 1975 2525 2044 relata
2577 1979 2646 2043 et
2675 1973 2966 2041 latitudo
2992 1994 3222 2041 versus
3253 1973 3436 2042 idem
3470 1974 3755 2065 planum
3783 1972 4190 2039 obtineatur.

1133 2112 1402 2185 Solutio
1430 2119 1641 2212 igitur
1660 2118 1779 2189 hic
1808 2123 1969 2191 data
1996 2124 2130 2193 hac
2161 2146 2432 2218 quoque
2460 2149 2543 2195 ex
2576 2134 2777 2219 parte
2808 2124 3255 2203 solutionibus
3281 2126 3580 2217 reliquis,
3614 2140 3800 2215 quae·
3817 2122 4194 2217 longitudi-

1134 2288 1291 2334 nem
1306 2269 1544 2339 Lunae
1572 2266 2132 2369 latitudinemque
2162 2301 2395 2348 versus
2427 2278 2815 2370 eclipticam
2843 2277 3276 2346 solummodo
3313 2256 3775 2369 suppeditant,
3808 2275 4194 2368 generalior

1132 2425 1255 2485 est·
1336 2419 1574 2504 Quum
1613 2447 1779 2494 vero
1816 2429 2100 2519 planum
2140 2430 2579 2521 proiectionis
2627 2430 2700 2496 in
2743 2430 3083 2498 solutione
3126 2436 3356 2498 nostra
3393 2420 3751 2519 quodlibet
3782 2428 3890 2515 sit,
3943 2448 4193 2517 aequa-

1135 2577 1352 2641 torem
1392 2572 1677 2663 planum
1720 2577 1860 2646 hoc
1908 2588 2202 2649 statuere
2246 2582 2408 2649 licet
2426 2629 2446 2666 ,
2498 2601 2634 2670 quo
2665 2579 2925 2648 factum
2955 2583 3117 2668 erit,
3167 2588 3247 2656 ut
3278 2603 3361 2649 ex
3384 2580 3635 2649 tabulis
3666 2581 3904 2648 Lunae
3935 2576 4198 2648 motum

1132 2719 1603 2796 exhibentibus
1634 2732 1936 2800 ascensio
1966 2741 2154 2801 recta
2180 2733 2319 2801 eius
2349 2741 2418 2801 et
2446 2731 2811 2800 declinatio
2840 2732 3236 2800 immediate
3264 2733 3645 2823 computari
3675 2730 3964 2822 possint.

1221 2916 1232 2923 *
1328 2874 1590 2960 Quibus
1662 2882 1734 2950 in
1784 2883 2094 2954 formulis
2157 2842 2592 2978 g'eneralibus
2647 2903 2701 2973 y
2714 2931 2734 2970 ‚
2793 2905 2840 2951 α
2890 2892 3097 2975 atque
3144 2905 3191 2978 η
3256 2882 3465 2952 cifrae
3523 2872 3936 2973 aequalibus
3973 2881 4194 2968 factis,

1128 3022 1455 3096 formulas
1524 3035 1968 3104 nanciscimur
1981 3086 2002 3123 ‚
2095 3059 2271 3127 quae
2326 3036 2721 3106 immediate
2793 3035 3417 3128 perturbationibus
3494 3035 3924 3140 planetarum
4006 3053 4195 3102 com-

1127 3179 1447 3265 putandis
1508 3183 1880 3258 inserviunt
1895 3235 1916 3273 ,
1993 3196 2062 3255 et
2129 3212 2285 3258 cum
2356 3190 2439 3257 iis
2500 3186 2839 3256 identicae
2906 3197 3063 3256 sunt
3080 3236 3100 3274 ‚
3197 3209 3366 3277 quas
3426 3188 3564 3255 iam
3623 3209 3755 3279 pro
3812 3173 3947 3254 hac
4004 3207 4194 3254 com-

1123 3306 1480 3418 putatione
1537 3336 1716 3406 dedi.
1818 3340 2121 3409 Externa
2165 3363 2329 3410 vero
2386 3341 2568 3409 facie
2630 3339 2968 3408 formulae
3031 3339 3151 3408 hic
3212 3339 3414 3408 datae
3471 3340 3557 3408 ab
3615 3339 3754 3407 illis
3810 3338 4196 3429 paullulum

2096 3443 2103 3459 ,
2527 3450 2631 3513 ‹12ss

1128 3477 1518 3575 discrepant
1539 3538 1559 3574 ‚
1629 3492 1788 3579 quia
1834 3492 2257 3581 aequationis
2314 3515 2446 3585 pro
2502 3543 2569 3596 dt
2583 3544 2641 3596 dt
2690 3491 3216 3584 integrationem
3258 3490 3394 3559 alio
3433 3491 3643 3560 modo
3672 3490 3961 3572 institui3
4022 3488 4190 3572 illic,
4283 3535 4290 3538 ,
4423 3543 4427 3551 ,

1124 3628 1297 3721 ipsis
1355 3633 1399 3718 ζ
1454 3646 1523 3704 et
1574 3660 1642 3705 w
1701 3643 2112 3733 computatis
2137 3693 2157 3730 ,
2223 3643 2450 3734 ipsam
2509 3663 2555 3708 z
2611 3663 2696 3708 ex
2758 3641 2829 3728 ζ,
2913 3649 3175 3710 mutata
3244 3642 3317 3710 in
3368 3643 3508 3712 fine
3563 3641 3810 3709 calculi
3870 3636 4194 3707 numerici

1126 3801 1166 3846 τ
1218 3784 1289 3850 ἰιι
1335 3792 1399 3871 t,
1465 3789 1700 3871 elicui3
1776 3790 1895 3860 hic
1939 3815 2103 3862 vero
2173 3794 2214 3879 ζ
2270 3815 2411 3861 ιιοιι
2473 3799 2940 3886 computatur,
3009 3793 3132 3862 sed
3191 3794 3418 3862 statim
3475 3802 3545 3861 et
3600 3792 3756 3882 ipsa
3809 3810 3855 3856 z
3909 3797 3978 3858 et
4037 3749 4191 3878 ipsa

1129 3952 1196 3999 w
1212 3980 1233 4018 ‚
1298 3959 1434 4026 qua
1483 3939 1927 4013 formularum
1986 3946 2551 4016 transmutatione
2611 3968 2937 4041 magnum
2977 3945 3226 4014 calculi
3269 3943 3754 4038 compendium
3797 3945 4189 4029 assequutus

1126 4104 1293 4151 sum.

1326 4237 1754 4322 Quantitas.
1781 4270 2054 4341 quoque
2080 4250 2486 4330 auxiliares
2464 4275 2538 4321 ιιι
2566 4250 2702 4320 hac
2731 4251 3306 4320 commentatione
3323 4271 3441 4344 p„
3491 4267 3556 4343 ᾳ,
3575 4293 3595 4330 ,
3626 4241 3750 4328 P,
3805 4239 3907 4336 Q,
3955 4238 4082 4324 K,
4077 4261 4190 4337 ,ΠΡ
4285 4325 4292 4336 ἱ

1126 4396 1332 4478 atque
1394 4410 1475 4492 q„
1518 4393 1921 4465 nominatae
1965 4421 2185 4516 resp
2212 4425 2366 4468 cum
2425 4404 2916 4494 quantitatibus
2963 4401 3431 4484 auxiliaribus,
3500 4395 3743 4486 quibus
3798 4393 3873 4460 in
3926 4390 4194 4459 theoria

1124 4540 1554 4632 planetarum
1597 4570 1753 4616 usus
1816 4571 1962 4618 sum
1980 4599 2002 4636 ‚
2054 4573 2211 4619 cmn
2255 4551 2740 4640 quantitatibus
2785 4557 2958 4642 puta
3002 4552 3078 4617 in
3117 4553 3300 4618 Astr-
3333 4547 3588 4616 Nachr.
3630 4545 3762 4610 No.
3796 4539 3970 4615 244
4001 4564 4191 4633 seqq·

1111 4714 1173 4784 P
1193 4741 1213 4780 ι
1256 4717 1326 4788 q,
1376 4694 1469 4785 P,
1525 4695 1601 4795 9
1644 4709 1848 4792 atque
1891 4725 1966 4804 φ,
1978 4739 2078 4756 -—
2093 4725 2173 4796 φ,
2225 4711 2296 4777 et
2327 4725 2482 4777 cum
2508 4701 2998 4797 quantitatibus
3027 4700 3285 4778 ibidem
3311 4698 3444 4769 No
3475 4692 3648 4771 295
3680 4715 3871 4785 seqq.
3905 4689 3953 4763 ἴ
3981 4704 4191 4785 atque
