4773 5892
1455 604 1686 689 Quum
1736 626 1896 673 vero
1946 604 2018 670 in
2069 625 2226 670 casu
2278 623 2397 688 eo,
2449 602 2562 671 ubi
2613 601 2995 669 functiones
3047 601 3155 686 Λζ
3202 611 3270 669 et
3326 594 3425 687 Ξζ
3467 601 3564 669 ita
3616 600 4164 690 determinantur,
4216 616 4308 674 nt

1255 731 1794 822 perturbationes
1862 729 1951 796 ad
2015 728 2515 820 longitudinem
2578 725 2872 796 mediam
2922 727 3280 797 addendae
3330 730 3496 815 sint,
3581 729 3653 796 in
3703 731 4306 865 approximatione

1257 856 1477 947 prima
1526 857 1720 926 nobis
1774 830 2203 924 statuendum
2253 850 2345 922 sit

2408 996 2489 1072 ag
2561 1010 2770 1117 :s
2899 995 2984 1075 as

2385 1081 2576 1165 —d—v«
2780 1096 2799 1134 ’
2900 1103 2986 1165 dv

1258 1241 1430 1307 sicut
1486 1262 1567 1308 ex
1616 1240 1884 1307 theoria
1932 1250 2162 1308 nostra
2212 1241 2639 1333 planetarum
2691 1241 2826 1308 iam
2875 1249 3113 1308 notum
3155 1248 3295 1308 est:
3347 1239 3667 1307 assumtio
3695 1238 3873 1308 haec
3908 1260 4047 1309 non
4079 1242 4316 1309 modo

3075 1065 3259 1112 :0

1256 1367 1832 1458 computationem
1910 1368 2494 1459 perturbationum
2566 1366 2772 1458 primi
2854 1367 3104 1435 ordinis
3122 1416 3142 1453 ‚
3221 1365 3344 1433 sed
3418 1366 3627 1432 etiam
3711 1369 4296 1458 computationem

1253 1492 1838 1585 perturbationum
1904 1493 2214 1561 ordinum
2279 1494 2592 1561 altiorum
2662 1493 3146 1586 simpliciorem
3211 1492 3472 1578 reddit,
3546 1514 3759 1581 quare
3806 1494 4296 1564 assumtionem

1256 1617 1457 1687 huius
1509 1618 1774 1685 articuli
1826 1641 1964 1687 non
2016 1620 2307 1711 amplius
2362 1620 2691 1687 evolvam.

2713 1942 2832 2013 13.

1456 2104 2050 2191 Perturbationum
2112 2122 2200 2190 ad
2261 2121 2764 2216 longitudinem
2826 2119 3120 2187 mediam
3184 2118 3749 2211 applicandarum
3829 2122 4288 2215 computatio-

1259 2272 1412 2317 nem
1464 2249 1818 2335 evolvem,
1871 2249 2206 2338 quaedam
2255 2249 2337 2316 iis
2358 2301 2378 2337 ,
2431 2273 2606 2339 quae
2659 2257 2855 2317 antea
2907 2246 2994 2315 de
3043 2246 3178 2314 hoc
3230 2256 3629 2338 argumento
3684 2248 4070 2340 divulgavi‚
4162 2270 4291 2340 ge-

1257 2374 1590 2442 neraliora
1656 2375 1936 2442 afferam
1954 2426 1973 2462 ‚
2058 2384 2233 2464 quae
2298 2374 2388 2443 ad
2451 2374 3016 2443 accuratissimam
3081 2372 3666 2463 perturbationum
3717 2375 4291 2467 computationem

1258 2500 1799 2588 consequendam
1847 2501 2120 2569 maximi
2170 2502 2494 2569 momenti
2547 2508 2717 2568 sunt.
3429 2487 3440 2497 ’

1457 2626 2004 2695 Determinentur
2055 2627 2459 2716 quantitates
2508 2627 2552 2715 543
2603 2635 2672 2694 et
2720 2624 2777 2716 ’ᾧ
2826 2646 2953 2717 per
3003 2624 3435 2713 aequationes
3489 2624 3610 2693 has

2258 2775 2447 2868 (⁷1)ss
2487 2803 2580 2841 =
2634 2775 2932 2864 v—(e)
2988 2774 3092 2843 sin
3140 2796 3182 2841 ν

911 2882 1077 2976 (¹3)
1087 2932 1207 2954 ······
2120 2928 2163 2994 ρ
2215 2926 2329 2973 cos
2382 2927 2581 2993 φ-
2489 2955 2579 2967 -
2633 2901 2749 2991 (α)
2803 2922 2918 2968 cos
2968 2922 3010 2967 ν
3057 2936 3157 2950 -
3210 2896 3321 2988 (α)
3354 2895 3458 2988 (e)

2128 3028 2173 3118 ὃ
2223 3031 2326 3097 sin
2380 3053 2580 3119 φ-
2488 3079 2579 3092 .-
2633 3027 2750 3116 (α)
2778 3029 2985 3138 (pq
2987 3049 3118 3192 ,ἐν
3101 3025 3252 3092 .sin
3297 3047 3340 3092 ν

1253 3177 1372 3247 ubi
1424 3179 1676 3246 lineola
1729 3180 2157 3272 superposita
2206 3180 2616 3270 quantitates
2659 3199 2708 3265 ρ
2735 3185 2806 3243 et
2845 3199 2903 3265 φ
2952 3200 2994 3243 a
3043 3135 3528 3266 quantitatibus
3582 3174 3981 3267 simpliciter
4017 3199 4073 3267 ρ
4116 3187 4184 3246 et
4232 3201 4290 3268 φ

1255 3305 1591 3377 denotatis
1660 3306 2017 3396 discernit,
2098 3307 2330 3397 itaque
2397 3327 2435 3372 z·
2481 3305 2555 3372 in
2603 3309 2633 3370 t
2686 3303 3077 3371 mutandam
3128 3327 3277 3371 esse
3327 3323 3493 3372 non
3542 3301 3894 3396 designat,
3968 3313 4038 3373 et
4085 3305 4201 3374 ubi
4250 3325 4293 3372 v

1254 3433 1543 3523 angulus
1595 3434 1929 3502 auxiliaris
1985 3443 2053 3503 et
2105 3432 2224 3524 (α)
2253 3486 2273 3521 ,
2324 3432 2430 3521 (e)
2481 3441 2686 3520 atque
2737 3428 2848 3517 (n)
2901 3438 3285 3498 constantes
3337 3425 3613 3518 quidem
3682 3439 3868 3515 sunt,
3951 3431 4072 3499 sed
4136 3452 4291 3499 cum
4379 3499 4384 3506 „

1252 3556 1592 3625 valoribus
1642 3558 1723 3626 iis
1777 3581 1947 3647 quos
2002 3558 2335 3626 elementa
2390 3581 2473 3642 α,
2541 3579 2580 3624 e
2629 3565 2697 3623 et
2746 3578 2794 3622 n
2843 3556 3133 3643 habent,
3201 3558 3260 3625 si
3323 3556 3423 3623 vis
3474 3555 3878 3646 perturbans
3928 3555 4288 3643 evanescit,

1251 3704 1393 3751 non
1443 3693 1840 3775 congruunt.
1946 3682 2099 3751 Sint
2149 3705 2356 3775 porro
2409 3689 2792 3748 constantes
2847 3680 2960 3767 (a)
3014 3692 3083 3750 et
3136 3679 3248 3770 (n)
3302 3682 3704 3772 aequatione
3753 3682 3886 3751 hac

2248 3820 2562 3919 (carcar
2616 3855 2708 3892 =
2755 3850 2799 3896 κ
2827 3825 3171 3926 (Μψπι)

1253 4007 1522 4076 iunctae
1541 4057 1562 4095 ‚
1607 4006 1726 4076 ubi
1772 4028 1851 4095 κ,
1901 4007 2002 4074 uti
2051 4006 2124 4074 in
2172 4004 2494 4073 Sectione
2542 4005 2794 4096 prima,
2869 4007 3326 4076 intensitatem
3378 4007 3481 4075 vis
3532 4006 3964 4093 attractivae,
4022 4006 4289 4096 quoties

1256 4144 1325 4199 et
1377 4133 1696 4202 distantia
1746 4142 1817 4203 et
1865 4135 2089 4203 massa
2138 4131 2378 4202 unitati
2429 4131 2743 4222 aequales
2798 4140 2987 4218 sunt,
3040 4130 3338 4198 denotat.
3431 4131 3635 4198 -Pono
3689 4153 3868 4199 nunc
4226 4108 4232 4114 ⁸

2451 4299 3052 4401 ΛζΞῷ-Ι-π

2454 4424 2516 4509 Ξ
2618 4429 2843 4523 εἰῇ

1254 4607 1372 4678 ubi
1419 4621 1471 4675 π
1522 4626 1793 4695 quoqne
1843 4616 2156 4678 constans
2207 4615 2331 4697 est,
2384 4616 2452 4676 et
2500 4609 2694 4698 quasi
2742 4605 3240 4701 longitudinem
3287 4608 3596 4703 perigaei
3645 4606 3976 4704 designat.
4102 4607 4284 4679 Hinc

1253 4733 1445 4805 nobis
1498 4732 1628 4802 erit
